3143 5204
636 517 846 584 CAP.
903 515 1067 595 ΙΙΙ,
1121 515 1256 580 DE
1310 514 1491 579 IRA
1546 516 1675 580 ET
1731 517 2009 583 ODIO.

255 652 461 716 setiam
500 649 698 741 gessit
740 649 1173 739 impotenter3
1211 668 1363 712 nam
1393 646 1476 733 Q.
1509 645 1851 715 Metellus¹
1892 672 2094 739 quum
2134 663 2376 717 utram-

271 780 398 848 que
446 755 832 847 Hispaniam
887 749 1115 819 consul
1160 752 1342 845 prius
1369 804 1388 837 ,
1445 751 1681 820 deinde
1740 752 2137 847 proconsul,
2197 780 2383 849 paene

270 875 471 928 totam
511 861 904 953 subegisset,
934 873 1286 953 ‚postquam
1327 860 1641 951 cognovit
1675 861 1759 946 Q.
1801 861 2181 954 Pompeium
2221 886 2376 929 con-

269 965 472 1035 sulem
511 968 847 1035 inimicum
891 988 1082 1032 suum
1121 988 1562 1032 successorem
1600 964 1719 1033 sibi
1757 968 1959 1052 mitti,
1996 992 2222 1035 omnes
2265 969 2376 1060 qui

267 1073 464 1140 modo
507 1070 807 1140 militiam
848 1095 1032 1139 suam
1066 1068 1420 1138 voluerunt
1462 1070 1670 1157 finiri,
1717 1070 2000 1140 dimisit:
2040 1097 2376 1141 commea-

267 1177 409 1247 tus²
445 1180 859 1272 petentibuS,
908 1201 1118 1270 neque
1154 1178 1362 1244 causis
1405 1178 1732 1262 excussis,
1772 1202 1983 1272 neque
2020 1181 2378 1248 constituto

269 1300 603 1379 tempore,
654 1284 881 1352 dedit:
924 1283 1196 1368 horrea,
1235 1282 1615 1351 custodibus
1656 1285 1956 1371 remotis,
2005 1311 2045 1352 o
2094 1299 2376 1379 portuna

266 1393 510 1485 rapinae
559 1391 889 1485 praebuit:
943 1413 1133 1458 arcus
1179 1390 1578 1483 sagittasque
1620 1391 2030 1458 Cretensium
2124 1391 2376 1485 frangi,

270 1513 462 1590 utque
499 1499 567 1565 in
606 1521 866 1564 amnem
902 1495 1093 1588 abjici
1122 1495 1315 1588 jussit
1348 1521 1362 1561 :
1402 1494 1764 1589 elephantis
1808 1497 2050 1565 cibaria
2085 1497 2226 1566 dari
2266 1523 2375 1566 ve-

268 1605 404 1671 tuit.
437 1603 698 1691 Quibus
726 1603 912 1672 factis
941 1616 1017 1669 ut
1050 1601 1388 1695 cupiditati
1416 1626 1548 1670 suae
1577 1601 1877 1689 indulsit,
1912 1604 2003 1670 ita
2031 1605 2376 1698 magnifice

267 1725 598 1804 gestarum
630 1733 850 1778 rerum
887 1706 1160 1802 gloriam
1200 1710 1540 1801 corrupit:
1579 1711 2013 1802 meritumque
2053 1712 2371 1779 honorem

267 1805 930 1911 triumphi,hostium
950 1867 967 1899 ,
995 1838 1191 1907 quam
1224 1815 1371 1899 irae,
1403 1813 1637 1882 fortior
1665 1817 1901 1901 victor,
1931 1818 2163 1885 amisit.

371 1923 436 1993 8.
500 1922 683 2011 Quid
735 1908 972 2004 Sulla⁴,
1018 1920 1174 1988 dum
1231 1921 1387 1988 huic
1442 1921 1602 1987 vitio
1650 1920 2100 2015 obtemperat,
2158 1949 2376 1991 nonne

263 2028 472 2098 multo
508 2028 722 2096 alieno
758 2029 1074 2121 sanguine
1109 2026 1417 2121 profuso,
1454 2026 1538 2094 ad
1574 2023 1878 2096 ultimum
1916 2042 1982 2096 et
2015 2054 2205 2096 suum
2243 2055 2379 2098 ero-

266 2135 484 2227 gavit?
519 2132 804 2203 Puteolis
825 2120 847 2157 ⁵
881 2135 1052 2202 enim
1092 2132 1327 2201 ardens
1357 2131 1844 2225 indignatione,
1880 2134 2057 2227 quod
2091 2138 2376 2205 Granius

265 2243 569 2336 princeps
618 2242 757 2334 ejus
801 2238 1071 2309 coloniae
1106 2240 1451 2333 pecuniam
1498 2262 1537 2304 a
1581 2233 2047 2308 decurionibus*
2080 2241 2163 2307 ad
2201 2242 2374 2310 refe-

265 2350 545 2416 ctionem
609 2346 914 2440 Capitolii
969 2347 1356 2441 promissam
1419 2346 1835 2414 cunctantius
1894 2346 2118 2432 daret,
2175 2350 2374 2416 animi

265 2455 702 2524 concitatione
744 2455 980 2539 nimia,
1024 2467 1219 2547 atque
1253 2451 1687 2519 immoderato
1720 2453 1901 2520 vocis
1931 2454 2179 2582 impetu
2218 2479 2372 2523 con·

265 2559 450 2630 vulso
477 2575 768 2655 pectore,
793 2561 1094 2655 spiritum
1125 2583 1362 2629 cruore
1384 2582 1461 2627 ac
1484 2559 1676 2627 minis
1705 2559 1979 2628 mixtum
2050 2563 2376 2646 evomuit3

264 2693 383 2736 nec
421 2670 606 2736 senio
637 2667 774 2759 jam
813 2664 1193 2761 prolapsus,
1232 2680 1463 2759 utpote
1505 2668 1979 2760 sexagesimum
2012 2668 2380 2761 ingrediens

263 2798 550 2861 annum,
592 2773 704 2841 sed
743 2771 898 2841 alita
929 2773 1201 2841 miseriis
1248 2771 1624 2866 reipublicae
1660 2759 2084 2866 impotentia⁶
2124 2774 2380 2862 furens;

2241 516 2372 611 157

265 3002 406 3036 mum
447 2982 748 3053 exemplum
788 2982 890 3033 hoc
929 2977 1090 3031 modo
1136 2980 1280 3033 clau·

262 3077 411 3127 serat,
428 3059 577 3132 negas
596 3061 832 3131 efficacem
859 3066 979 3111 iram
993 3079 1014 3121 ,·
1044 3078 1150 3130 quo
1176 3060 1277 3112 ini-

263 3143 335 3194 tio
355 3144 517 3213 hujus
547 3141 772 3212 exempli
799 3139 1055 3211 respexit,
1077 3151 1137 3192 ut
1163 3139 1276 3211 ple-

263 3241 486 3294 rumque
517 3223 666 3275 solet.

347 3324 393 3356 ι.
422 3303 659 3355 Metellus.
689 3304 788 3353 An.
812 3301 881 3352 U.
913 3304 1038 3352 611.
1067 3298 1274 3362 Livius»,

262 3383 420 3446 L111;
449 3383 668 3444 Florus,
687 3382 769 3444 11,
805 3399 869 3450 17
885 3399 900 3443 ;
930 3379 1106 3430 Aurel.
1131 3379 1270 3430 LXI.

263 3463 414 3532 Pigh.
432 3481 555 3513 cum
574 3462 687 3514 aliis
704 3459 870 3512 edidit
884 3461 1172 3530 proviae-iam
1187 3459 1277 3509 Hi-

261 3546 474 3612 spaniam
491 3581 507 3606 ,
535 3542 657 3612 quia
681 3540 927 3592 Metellus
942 3536 1276 3589 Macedonicus

263 3642 370 3674 non
388 3635 668 3691 utramque
694 3620 999 3690 Hispaniam
1013 3658 1027 3680 ,
1044 3615 1132 3668 sed
1153 3618 1276 3669 cite·

203 3770 208 3774 q
263 3702 456 3753 rior-em
482 3701 809 3771 provinciam
832 3697 1111 3758 duntaxat,
1144 3697 1278 3747 obti-

265 3783 394 3833 nuit.
424 3780 529 3832 Sed
559 3793 802 3850 utramque
839 3796 950 3829 rem
993 3776 1154 3842 magis
1185 3794 1276 3827 au·

263 3875 369 3930 get,
386 3874 443 3914 ut
455 3874 598 3913 recte
617 3859 906 3911 Torrenius
923 3858 1180 3908 observat.
1198 3888 1269 3896 —-

267 3941 540 3992 Proconsul.
579 3940 717 4003 Quia
748 3940 803 3990 in
839 3949 1139 4008 sequentem
1183 3954 1275 3985 an·

267 4037 388 4071 num
409 4033 530 4091 post
550 4019 880 4071 consulatum
905 4017 979 4068 illi
1004 4015 1276 4087 provincia

267 4099 427 4151 suerat
468 4111 778 4170 prorogata,
820 4111 880 4150 ut
912 4093 1192 4166 proconsul
1223 4094 1274 4144 in

263 4180 528 4232 cabellum
552 4191 770 4248 gereret.
789 4210 866 4218 -—
888 4179 1071 4227 Totam.
1090 4175 1277 4244 Hispa·

1368 2979 1510 3031 niam
1524 2977 1851 3044 interiorem,
1868 2980 2223 3049 Celtiberiam,
2238 2983 2379 3038 unde

1367 3071 1419 3111 et
1452 3058 1759 3110 Celtibert'cus
1790 3057 1976 3112 dictus.

1450 3157 1498 3189 α.
1536 3137 1848 3191 Commeatus.
1879 3140 2126 3193 Liberam
2150 3144 2378 3198 abeundi

1365 3215 1432 3269 ad
1456 3229 1662 3287 tempus
1685 3231 2009 3288 potestatem.

1447 3297 1475 3348 3
1485 3337 1496 3347 .
1516 3296 1933 3362 Cretensiquui
1944 3300 2218 3353 auxiliares
2232 3319 2380 3358 erant

1366 3377 1422 3427 P.
1435 3377 1657 3429 romani.
1670 3377 1794 3429 Hoec
1802 3378 1978 3429 omnia
1989 3378 2129 3443 fecit,
2144 3401 2212 3434 ne
2223 3384 2348 3436 Pom
2359 3415 2379 3427 -

1365 3456 1514 3526 peius
1538 3456 1702 3526 gloria
1731 3457 2008 3527 potiretur.

1447 3543 1496 3600 4.
1540 3535 1697 3589 Sulla.
1738 3538 1839 3588 An.
1874 3537 1942 3590 U.
1978 3540 2110 3606 675.
2148 3541 2286 3594 Plut.
2323 3543 2376 3594 in

1365 3628 1487 3668 vita.
2365 3677 2367 3684 Α

1448 3696 1500 3748 5.
1542 3697 1774 3748 Puteolis.
1797 3696 1967 3749 Distat
1992 3697 2094 3749 hoc
2121 3700 2377 3770 oppidum

1365 3775 1414 3825 X
1454 3775 1618 3827 millia
1661 3794 1907 3846 passuum
1948 3796 1977 3828 a
2015 3779 2254 3848 Neapoli.
2300 3814 2379 3823 —

1367 3856 1607 3907 Evomm't.
1655 3856 1947 3925 Scriptores
1996 3857 2082 3908 alii
2137 3875 2379 3925 narrant,

1364 3934 1562 3986 Sullam
1594 3936 1810 4005 periisse
1835 3936 2093 4006 φθιιριοίσιι
2125 3957 2213 3989 seu
2246 3960 2384 3993 mor·-

1365 4015 1435 4065 bo
1460 4012 1748 4084 pediculari
1762 4053 1775 4078 ‚
1795 4034 1857 4066 ex
1880 4017 2069 4066 oborto
2091 4018 2282 4071 ulcere.
2305 4054 2380 4063 —

1444 4101 1497 4146 6.
1529 4095 1824 4164 lmpotemia.
1862 4095 2036 4147 Animi
2068 4097 2382 4152 effrenatio-

1366 4192 1452 4235 ne,
1483 4172 1767 4225 iracundia.
