3143 5204
771 465 868 536 80
1081 464 1529 533 VALERII
1587 463 2009 531 MAXIMI
2066 464 2253 530 LIB.
2310 462 2538 533 VIII.

875 596 945 668 6.
981 597 1112 666 Tot
1143 585 1412 666 elevatis
1449 596 1725 665 testibus
1744 650 1764 684 ,
1794 620 2006 664 unum
2030 649 2049 683 ‚
2082 595 2268 689 cujus
2306 620 2481 665 nova
2515 599 2781 665 ratione·
2801 622 2912 690 Ju-

772 692 1030 773 dicium¹
1050 705 1344 798 ingressa
1378 704 1737 772 auctoritas
1764 702 2153 772 confirmata
2170 716 2315 789 est,
2344 704 2642 773 referam.
2674 707 2746 773 P.
2771 704 2922 778 Sere

772 810 964 880 vilius
985 810 1006 835 ¹
1040 809 1445 897 consularis,
1487 811 1823 879 censorius
1847 863 1866 896 ,
1919 807 2372 905 triumphalis,
2422 812 2535 905 qui
2578 811 2916 905 majorum

774 940 1045 988 suorum
1096 916 1304 986 titulis
1351 920 1653 987 Isaurici
1695 940 2067 1011 cognomen
2116 916 2353 1011 adjecit
2376 971 2395 1004 ‚
2437 942 2643 1011 quum
2687 917 2920 986 forum

772 1025 1152 1121 praeteriens
1187 1039 1386 1093 testes
1420 1026 1490 1091 in
1523 1049 1713 1092 reum
1742 1023 1883 1091 dari
1913 1023 2181 1092 vidisset
2199 1077 2219 1110 ,
2262 1022 2410 1092 loco
2446 1024 2630 1093 testis
2667 1025 2919 1093 consti-

771 1134 850 1201 tit
868 1184 889 1218 ,
919 1154 998 1200 ac
1026 1154 1354 1200 summam
1385 1131 1559 1198 inter
1596 1144 2035 1225 patronorum
2068 1132 2315 1224 pariter
2351 1145 2417 1199 et
2448 1145 2921 1200 accusatorum

772 1238 1274 1306 admirationem
1311 1236 1403 1306 sic
1428 1260 1619 1305 orsus
1648 1250 1789 1305 est:
1826 1266 1861 1300 ot
1888 1239 2086 1305 Hunc
2112 1260 2269 1331 eg0‚
2299 1237 2589 1330 judices,
2616 1239 2733 1333 qui
2757 1261 2922 1306 cau-

774 1368 914 1414 sam
940 1343 1132 1429 dicit,
1173 1343 1353 1437 cujas
1385 1344 1507 1431 sit,
1537 1356 1655 1411 aut
1682 1367 1886 1437 quam
1912 1344 2116 1411 vitam
2140 1346 2380 1440 egerit,
2410 1369 2747 1439 quamque
2773 1367 2924 1411 me-

773 1452 901 1520 rito
928 1449 1035 1518 vel
1062 1451 1300 1543 injuria
1323 1464 1700 1537 accusetur,
1731 1451 2006 1544 ignoro:
2036 1448 2198 1519 illud
2220 1464 2479 1519 tantum
2508 1453 2674 1534 scio,
2702 1475 2920 1545 quum

777 1557 1137 1626 ocoerisset
1163 1556 1326 1625 mihi
1359 1557 1765 1624 Laurentina
1789 1557 1898 1624 via
1927 1558 2053 1625 iter
2082 1557 2384 1644 facienti,
2418 1557 2781 1626 admodum
2810 1581 2925 1625 an-

776 1678 969 1760 gusto
1007 1660 1157 1732 loco
1185 1686 1370 1793 ³equo
1401 1661 1806 1731 descendere
1834 1661 2196 1732 noluisse²:
2227 1664 2410 1758 quod
2436 1687 2528 1732 an
2554 1661 2805 1759 aliqmd
2832 1663 2924 1731 ad

777 1753 1210 1864 religionem³
1249 1781 1537 1837 vestram
1584 1771 1953 1863 pertineat,
1998 1770 2122 1864 ipsi
2174 1771 2618 1853 aestimabitis;
2665 1794 2796 1864 ego
2852 1769 2921 1837 id

776 1873 1324 1970 supprimendum
1366 1900 1502 1943 non
1548 1877 1880 1969 putavi.»
1928 1876 2193 1946 ,Iudices
2239 1902 2473 1964 reum,
2522 1878 2634 1944 vix
2673 1874 2924 1944 auditis

777 1984 1028 2053 caeteris
1050 1982 1357 2069 testibus,
1379 1981 1900 2069 damnaverunt3
1927 1980 2138 2051 valuit
2162 1985 2339 2052 enim
2367 1983 2547 2079 apud
2569 2008 2684 2052 eos
2706 2007 2925 2076 quium

775 2087 1142 2185 amplitudo
1179 2090 1352 2175 viri,
1387 2103 1532 2158 tum
1570 2091 1790 2184 gravis
1833 2088 2148 2209 neglectae
2181 2090 2519 2185 dignitatis
2554 2090 2696 2184 ejus
2738 2089 2931 2158 indi-

777 2198 1046 2292 gnatio:
1079 2221 1364 2290 eumque
1403 2196 1517 2290 qui
1548 2198 1850 2267 venerari
1886 2198 2218 2292 principes
2250 2199 2568 2285 nesciret,
2608 2201 2677 2269 in
2706 2196 2928 2291 quod-

779 2301 937 2373 libet
966 2304 1220 2373 facinus
1258 2328 1740 2398 procursurum
1779 2302 2220 2372 crediderunt.

779 2496 848 2551 de
876 2498 1146 2551 sororibus
1172 2514 1452 2568 possumus
1477 2494 1806 2565 intelligere:

781 2575 915 2631 duas
936 2577 1079 2630 enim
1101 2593 1298 2629 amasse
1318 2574 1547 2645 suspicio
1577 2587 1706 2627 erat.

872 2676 922 2710 ι.
949 2656 1192 2710 Servilius.
1219 2656 1283 2708 A.
1303 2656 1376 2707 U.
1394 2659 1505 2725 679
1521 2673 1538 2720 ;
1557 2654 1681 2706 Flor
1698 2654 1810 2719 111,

788 2741 822 2791 6
844 2755 861 2803 3
901 2735 1070 2790 Cicer.
1109 2735 1268 2788 Verr.
1310 2734 1339 2786 1
1363 2772 1380 2799 ‚
1417 2753 1444 2785 2
1459 2751 1508 2787 1.
1553 2733 1812 2787 Servilius

784 2817 974 2872 missus
1011 2826 1197 2868 contra
1218 2814 1417 2887 piratas
1455 2814 1656 2876 fuerat,
1679 2831 1812 2885 quos

788 2915 897 2951 non
941 2896 1075 2948 mari
1120 2906 1326 2948 tantum
1365 2894 1632 2947 submovit
1651 2934 1666 2960 ‚
1719 2893 1813 2947 sed

789 2990 841 3031 et
902 2973 1101 3049 oppida
1160 2993 1346 3028 eorum
1369 3014 1386 3040 ,
1438 2974 1703 3027 Phalesim
1760 2986 1814 3028 et

789 3057 1061 3130 Olympon
1079 3097 1095 3123 ,
1119 3056 1466 3126 Isaurumque
1504 3055 1702 3126 ipsam,
1736 3071 1815 3108 ar-

787 3151 904 3192 cem
920 3136 1120 3191 Ciliciae
1134 3174 1150 3202 ‚
1168 3135 1486 3208 expugnavit
1502 3146 1657 3206 atque
1671 3153 1815 3189 ever-

788 3218 872 3271 tit.
906 3218 1027 3283 Qua
1061 3214 1130 3269 de
1159 3235 1312 3269 causa
1350 3216 1557 3267 Isaurici
1585 3215 1686 3268 sibi
1714 3234 1814 3268 110·

790 3316 914 3351 men
945 3296 1183 3367 sumpsit.
1212 3328 1293 3338 -—-
1328 3297 1409 3348 Ac
1434 3314 1660 3347 summam
1693 3299 1817 3347 ineer-

786 3390 1115 3449 patronorum.
1139 3377 1222 3429 Ita
1255 3393 1379 3428 cum
1415 3389 1536 3429 octo
1567 3376 1723 3429 MSS.
1763 3388 1816 3428 et

790 3455 877 3511 ed.
892 3470 995 3510 vet.
1012 3456 1119 3508 Alii
1131 3491 1145 3514 ,
1166 3474 1224 3506 ac
1234 3476 1325 3526 per
1338 3474 1564 3507 summam
1581 3468 1813 3526 patrono-

791 3558 927 3600 rum;
951 3536 1064 3598 alii,
1078 3556 1137 3586 ac
1153 3554 1245 3606 per
1264 3555 1489 3586 summam
1508 3539 1634 3587 inter
1643 3549 1814 3607 patro-

791 3615 1267 3671 norum-Torrenius
1280 3616 1495 3687 conjicit
1509 3634 1523 3668 ι
1540 3628 1684 3686 etper
1695 3635 1818 3666 sum·

792 3715 917 3750 mam
934 3700 1120 3750 interim
1131 3707 1442 3766 patronorum
1459 3717 1480 3759 ,·
1497 3708 1557 3749 ut
1570 3695 1817 3748 Valerius

791 3777 958 3843 dieat,
987 3775 1117 3829 dum
1143 3775 1222 3828 illi
1252 3776 1451 3846 pariter
1480 3777 1675 3828 factum
1707 3777 1816 3847 ejus

792 3858 1079 3920 mirantur,
1104 3857 1276 3928 ipsum
1300 3856 1374 3909 sic
1395 3874 1576 3909 orsum
1596 3856 1772 3908 fuisse.

1898 2496 2048 2546 lionor-
2073 2494 2241 2547 haberi
2256 2497 2392 2558 solet,
2404 2498 2592 2563 faciam
2607 2517 2626 2549 .·
2652 2515 2772 2568 equo
2804 2496 2934 2549 desi-

1897 2575 2036 2638 liam,
2063 2588 2211 2647 caput
2224 2576 2525 2648 adoperiam,
2556 2580 2722 2629 semita
2738 2576 2930 2630 cedam.

1980 2656 2034 2709 3.
2071 2657 2385 2726 Religionem.
2427 2657 2619 2710 Sensus
2654 2670 2733 2710 est
2768 2675 2783 2709 :
2823 2658 2933 2728 ipsi

1896 2733 2230 2808 intelligetis,
2267 2754 2333 2788 an
2371 2735 2461 2803 id,
2490 2733 2636 2809 quod
2679 2737 2933 2804 narravi,

1896 2816 2028 2868 tanti
2054 2817 2150 2883 sit,
2175 2828 2236 2869 ut
2256 2835 2284 2869 a
2309 2817 2458 2870 vohis
2475 2858 2489 2883 ,
2507 2818 2600 2888 qui
2618 2836 2824 2870 summa
2849 2815 2937 2868 di-

1896 2895 2112 2967 ligentia
2127 2897 2319 2950 cavetis
2331 2937 2346 2963 ‚
2365 2917 2433 2950 ne
2447 2895 2579 2969 quid
2592 2898 2770 2950 minus
2784 2910 2937 2950 recte

1898 2975 1991 3028 fiat
2008 3016 2024 3041 ,
2052 2977 2163 3048 ejus
2194 2976 2329 3029 ratio
2352 2976 2593 3031 habenda
2616 2978 2683 3031 sit
2705 2978 2760 3029 in
2788 2975 2937 3049 judi-

1898 3053 2086 3109 cand0.
2128 3088 2205 3098 —-
2250 3057 2490 3112 Vestram.
2512 3059 2623 3111 Bit.
2650 3057 2811 3129 prim.
2837 3077 2935 3108 no·

1897 3148 2071 3196 stram,
2110 3136 2257 3206 quod
2285 3137 2528 3209 Sigonius
2558 3138 2734 3202 malit3
2768 3156 2930 3204 nam,

1898 3215 2098 3286 inquit,
2132 3218 2285 3286 jubet
2318 3218 2597 3284 Servilius,
2634 3230 2695 3271 ut
2721 3215 2936 3289 judices

1898 3296 2182 3361 aestiment,
2202 3316 2266 3349 an
2285 3298 2509 3369 neglecti
2524 3298 2624 3352 viri
2641 3298 2939 3368 triumpha·

1899 3376 1963 3428 lis
1991 3376 2128 3428 senis
2154 3391 2425 3448 peccatum
2459 3376 2659 3450 aliquid
2685 3377 2753 3431 ad
2779 3397 2936 3430 seve-

1898 3456 2107 3509 ritatem
2151 3477 2381 3511 romanae
2422 3456 2715 3531 disciplinae
2760 3457 2935 3528 pcrti-

1900 3549 2039 3589 neat.
2068 3534 2171 3589 Sed
2202 3538 2256 3590 in
2297 3551 2410 3590 toto
2441 3539 2544 3591 hoc
2578 3539 2696 3591 loco
2725 3539 2935 3590 Torre-

1900 3616 2021 3669 nius
2049 3615 2197 3670 videt
2224 3618 2358 3670 nihil
2386 3617 2531 3690 quod
2555 3616 2623 3671 ad
2650 3619 2936 3687 religionem

1893 3696 2135 3767 publicam
2176 3701 2381 3750 civitatis
2430 3700 2695 3771 pertinere
2740 3700 2932 3770 possit·

1900 3777 2084 3848 Itaque
2115 3797 2279 3849 quum
2312 3779 2400 3830 hic
2428 3793 2610 3851 agatur
2635 3777 2703 3831 de
2731 3777 2933 3850 judici-

1901 3857 1999 3908 bus
2013 3897 2028 3923 ,
2046 3873 2273 3928 quorum
2296 3860 2466 3929 religio
2480 3898 2495 3920 ,
2516 3879 2607 3913 seu
2624 3858 2754 3930 fides
2770 3862 2933 3929 jutis·

878 3957 928 3991 a.
968 3936 1282 3988 Dese-endere.
1331 3936 1465 4002 Quis
1502 3937 1679 3988 honor
1720 3936 1814 3988 tri—
1892 3938 2126 4006 jurandi,
2155 3938 2345 4009 passim
2378 3941 2444 3991 ab
2484 3940 2730 3992 omnihus
2759 3940 2936 4010 scrip-

791 4016 1034 4070 buendus
1059 4017 1221 4070 suerit
1257 4017 1475 4070 summis
1502 4015 1815 4087 magistrati-

792 4100 910 4164 bus,
928 4109 1146 4151 testatur
1159 4096 1339 4150 Senec.
1360 4116 1441 4169 ep.
1466 4115 1561 4167 70.
1582 4095 1817 4149 Siconsu·

793 4180 882 4231 lem
903 4178 1046 4230 video
1063 4188 1156 4229 aut
1169 4190 1420 4248 proetorem
1436 4216 1450 4238 ,
1473 4179 1633 4228 omm‘a
1647 4176 1813 4249 quibus

1904 4017 2107 4070 toribus
2149 4032 2500 4086 memoretur,
2542 4039 2650 4072 non
2699 4017 2932 4072 dubium

1902 4095 2113 4150 videtur
2142 4098 2273 4170 quin
2299 4098 2387 4151 hic.
2414 4119 2627 4172 quoque
2656 4120 2817 4153 eorum
2852 4120 2930 4150 te·

1904 4177 2022 4245 ligio
2048 4176 2236 4232 debeat
2253 4179 2494 4249 intelligi.
