3143 5204
799 481 936 565 134
1178 480 1622 547 VALERII
1679 479 2090 545 MAXIMI
2168 480 2352 546 LIB.
2412 480 2540 546 IX.

785 613 1025 699 libido,
1053 614 1367 706 quoniam
1402 636 1484 679 ex
1515 611 1741 680 iisdem
1783 610 2097 678 vitiorum
2137 612 2474 705 principiis
2510 614 2760 697 oriturt,
2800 638 2913 680 ne·

784 745 912 813 que
948 734 1064 789 aut
1099 743 1138 786 a
1174 718 1715 813 reprehensione,
1743 731 1858 785 aut
1889 717 1973 784 ab
2005 716 2461 786 emendatione
2495 733 2914 813 separentur,

786 828 1050 920 gemino
1085 827 1321 895 mentis
1357 849 1582 894 errore
1607 823 1622 846 ¹
1665 848 1996 892 connexae.

903 958 957 1001 1.
1012 935 1088 1002 C.
1142 935 1407 1026 Sergius
1459 920 1730 1021 Oratas
1768 928 2039 1024 pensilia
2080 915 2353 999 balnea³
2401 933 2653 1024 primus
2697 930 2916 999 facere

784 1041 1107 1127 instituit3
1157 1064 1303 1132 quae
1339 1040 1633 1132 impensa
1672 1037 1923 1106 levibus
1968 1037 2166 1105 initiis
2201 1051 2451 1132 coepta,
2487 1037 2571 1105 ad
2601 1062 2919 1132 suspensa

789 1145 1012 1215 calidae
1051 1170 1238 1240 aquae
1273 1159 1529 1214 tantum
1564 1168 1700 1213 non
1738 1168 2004 1237 aequora
2045 1146 2435 1237 penetravit.

894 1252 1079 1321 Idem
1121 1250 1460 1338 videlicet,
1504 1276 1589 1319 ne
1632 1249 1853 1345 gulam
1898 1252 2196 1346 Neptuni
2236 1250 2509 1319 arbitrio
2550 1249 2918 1344 subjectam

791 1359 1103 1445 liaberet,
1143 1358 1499 1453 peculiaria
1539 1358 1663 1427 sibi
1712 1345 1957 1425 maria⁴
1996 1358 2428 1451 excogitavit,
2466 1358 2782 1426 aestuariis
2820 1359 2919 1424 in·

788 1465 1194 1560 tcrcipiendo
1236 1466 1508 1551 fluctuS,
1553 1466 1963 1559 pisciumque
2000 1463 2296 1533 diversos
2333 1488 2564 1557 greges
2604 1464 2925 1557 separatis

789 1571 1071 1641 molibus
1112 1570 1507 1641 includendo
1529 1624 1549 1658 ,
1589 1586 1664 1639 ut
1698 1569 1880 1639 nulla
1910 1586 2045 1639 tam
2084 1595 2254 1640 saeva
2287 1584 2643 1664 tempestas
2676 1568 2924 1639 incide-

787 1694 915 1765 ret,
954 1702 1086 1772 qua
1117 1703 1252 1747 non
1291 1681 1519 1747 Oratae
1556 1702 1798 1747 mensae
1827 1679 2144 1747 varietate
2186 1676 2589 1746 ferculorum
2627 1676 2924 1745 abunda-

791 1800 985 1870 rent3
1029 1784 1559 1867 aedificiisetiam
1607 1786 1909 1878 spatiosis
1955 1799 2022 1853 et
2071 1782 2343 1853 excelsis
2394 1782 2652 1852 deserta
2708 1782 2794 1850 ad
2858 1782 2927 1851 id

790 1905 1049 1985 tempus
1111 1916 1229 1959 ora
1273 1893 1545 1959 Lucrini
1593 1889 1773 1960 lacus
1840 1876 2145 1985 pressit⁵‚
2195 1915 2327 1984 quo
2380 1891 2745 1959 recentiore
2802 1914 2925 1957 usu

792 1996 1288 2090 conchyliorum
1331 1998 1682 2066 frueretur.
1726 1997 1858 2065 Ubi
1895 1997 2052 2065 dum
2094 2022 2163 2065 se
2200 1996 2480 2091 publica}
2516 2021 2701 2089 aquae
2739 1998 2925 2089 cupi·

792 2254 879 2294 tur
910 2243 964 2294 in
998 2243 1236 2295 vetitum.
1265 2243 1460 2314 Incipit
1488 2242 1555 2295 de
1574 2244 1782 2295 luxuria
1802 2284 1816 2309 ,
1900 2245 1977 2296 IX
1994 2282 2009 2307 ,
2042 2263 2124 2315 ep.
2157 2242 2248 2296 33.
2278 2242 2401 2296 Haec
2420 2244 2656 2295 aestuaria
2682 2241 2849 2293 muris
2876 2254 2931 2292 et

789 2323 1142 2394 complurium
1175 2324 1427 2376 scelerum
1459 2325 1649 2376 matre}
1683 2324 1817 2376 Prae-
1903 2324 2060 2376 variis
2087 2322 2321 2375 aedificiis
2342 2342 2370 2374 a
2396 2322 2603 2394 reliquo
2628 2321 2760 2373 mari
2779 2339 2929 2393 sepa-

792 2404 948 2473 cipue
964 2406 1246 2474 conjuncta
1267 2416 1345 2456 est
1363 2422 1485 2456 cum
1508 2404 1707 2475 quaevis
1731 2422 1819 2456 au·
1900 2415 2123 2456 raverat.
2153 2435 2232 2445 --
2258 2403 2504 2471 Sepameis
2537 2421 2551 2455 ε
2582 2401 2828 2455 nonnulli
2853 2422 2930 2453 se-

792 2481 954 2539 ciendi
968 2481 1205 2536 libidine.
1223 2483 1437 2536 Deluxu
1455 2484 1816 2536 Romanorum
1897 2495 2116 2553 paratos.
2138 2481 2242 2535 Sed
2254 2483 2547 2536 Torrenius
2560 2502 2623 2536 ex
2637 2482 2791 2535 MSS.
2807 2494 2933 2533 octo

795 2562 902 2616 vid.
951 2563 1241 2626 Meursius‚
1288 2562 1498 2635 Lipsius
1538 2561 1606 2616 de
1649 2561 1817 2617 admi·
1904 2563 2116 2634 praefert
2126 2566 2358 2634 separatis
2372 2575 2432 2617 ut
2446 2561 2934 2636 poteValeriistylo

795 2643 960 2696 randa
980 2645 1098 2696 urb.
1113 2646 1267 2695 Rom.
1289 2643 1583 2713 magnitud.
1601 2683 1615 2704 ,
1645 2656 1696 2696 et
1722 2645 1817 2696 Pe·

796 2723 956 2776 tronii
981 2724 1347 2794 fragmentum.

886 2823 936 2856 1.
965 2804 1162 2856 Eri-ore.
1197 2803 1411 2874 Duplici
1450 2804 1614 2867 vitio,
1648 2802 1822 2856 libidi-

799 2884 905 2945 nis,
936 2897 995 2936 ut
1015 2883 1193 2954 cupiat
1211 2921 1228 2948 ,
1254 2883 1475 2936 luxuriae
1508 2895 1568 2935 ut
1599 2884 1819 2955 expleat.

799 2964 950 3015 Mens
978 2964 1152 3034 primo
1182 2963 1391 3035 capitur
1425 2962 1689 3016 desiderio
1727 2964 1821 3018 ali·

799 3047 948 3113 cujus
975 3044 1080 3106 rei,
1116 3042 1310 3096 deinde
1342 3045 1598 3114 expletur.

885 3143 933 3174 a.
956 3122 1153 3192 Sergius
1173 3124 1351 3176 Orata.
1375 3125 1454 3176 De
1468 3123 1571 3178 hoc
1590 3123 1698 3177 vid.
1718 3127 1825 3176 An-

800 3216 911 3256 ton.
927 3204 1281 3274 Augustinum
1302 3202 1370 3258 ad
1392 3204 1525 3258 Fest.
1545 3205 1603 3257 in
1621 3224 1671 3257 v.
1699 3205 1824 3257 Ora·

802 3295 883 3342 ta,-
913 3296 966 3334 et
994 3282 1058 3334 ad
1083 3285 1306 3355 exempli
1330 3285 1489 3355 hujus
1516 3284 1822 3338 illustratio·

802 3381 923 3414 nem
955 3363 1005 3414 J.
1042 3362 1128 3415 Fr.
1164 3364 1426 3417 Gronovii
1453 3365 1726 3419 Diatriben
1757 3363 1823 3417 ad

802 3442 1009 3494 Statium
1028 3481 1042 3502 ,
1073 3461 1188 3514 cap.
1216 3445 1307 3513 39.

887 3523 938 3576 3.
972 3523 1176 3577 Balnea.
1203 3524 1385 3579 Seuec.
1402 3546 1486 3598 ep.
1504 3549 1535 3595 9
1551 3544 1570 3578 1
1597 3565 1613 3588 ‚
1631 3545 1826 3595 suspen·

803 3623 914 3653 sura
929 3603 1200 3654 balneorum
1213 3619 1380 3658 vocat.
1400 3599 1526 3659 Vid.
1556 3606 1694 3658 Plin.
1717 3607 1823 3670 IX,

807 3687 911 3748 543
940 3683 1177 3736 Macrob.
1211 3685 1322 3749 ΠΙ,
1356 3689 1447 3739 15.
1481 3688 1583 3738 An.
1619 3687 1691 3738 U.
1721 3686 1824 3737 cir-

798 3764 934 3816 citer
969 3763 1100 3817 656.

888 3847 939 3905 ά.
979 3844 1161 3896 Maria.
1196 3843 1410 3898 vivaria
1437 3845 1537 3897 sibi
1570 3859 1828 3898 struxerat

804 3924 860 3975 in
884 3924 1049 3990 mari,
1071 3924 1162 3976 ubi
1183 3939 1515 3978 servarentur
1529 3925 1661 3977 varii
1677 3944 1828 3995 gene-

801 4003 872 4056 ris
890 4005 1074 4075 pisces.
1093 4004 1400 4057 AEstuarium
1419 4020 1495 4058 est
1512 4007 1659 4058 locus
1679 4008 1826 4076 aquis

801 4083 1048 4149 marinis,
1088 4085 1332 4156 oppletus
1363 4106 1424 4138 ex
1455 4085 1824 4139 inundationi-

796 4163 914 4215 bus.
949 4163 1075 4216 vid.
1110 4165 1246 4218 Ptin.
1281 4166 1347 4217 H.
1385 4167 1450 4218 N.
1480 4168 1557 4230 V,
1602 4186 1658 4230 1;
1688 4167 1822 4220 Ptin.

1905 2645 2305 2697 convenientius
2319 2683 2337 2708 ,
2362 2645 2569 2696 diversos
2590 2663 2761 2714 greges
2791 2663 2934 2714 sepa-

1906 2729 2025 2775 ratis
2053 2724 2276 2777 molibus:
2295 2725 2366 2777 ita
2387 2738 2671 2795 utrumque
2688 2723 2935 2776 substan-

1906 2805 2075 2858 tivum
2115 2823 2209 2857 suo
2257 2803 2516 2875 adjectivo
2555 2803 2815 2876 jungitur.
2855 2836 2936 2846 —-

1913 2885 2100 2938 Oratoe.
2130 2884 2272 2937 Alibi
2297 2885 2518 2938 Ornatoe.
2550 2885 2709 2938 Male.

1993 2967 2045 3017 5.
2086 2966 2282 3018 Pressit.
2314 2965 2525 3018 Ostium
2560 2965 2752 3017 arctius
2791 2964 2935 3017 fecit.

1908 3046 2075 3098 Lacus
2104 3044 2392 3111 Lucrinus,
2417 3043 2546 3098 olim
2576 3044 2736 3097 etiam
2766 3047 2939 3096 Aver-

1909 3144 2008 3178 nus
2042 3137 2096 3177 et
2129 3124 2393 3196 Cocytus,
2432 3125 2488 3177 in
2511 3125 2802 3196 Campania
2835 3124 2940 3176 fuit

1909 3206 2047 3258 inter
2074 3205 2224 3257 Baias
2253 3218 2306 3257 et
2327 3206 2551 3271 Cumas;
2578 3205 2729 3276 prius
2753 3205 2828 3256 ob
2853 3205 2938 3257 in·

1910 3286 2082 3338 clusos
2130 3303 2159 3336 a
2207 3285 2341 3339 saltu
2389 3304 2609 3358 vapores
2648 3284 2901 3337 infamata
2921 3325 2937 3351 ,

1911 3362 2106 3418 deinde
2132 3366 2307 3439 exciso
2336 3366 2610 3437 paululum
2636 3366 2773 3418 saltu
2800 3364 2941 3418 salu·

1909 3446 2059 3499 brior
2087 3447 2250 3516 regio,
2283 3447 2453 3498 Lacus
2482 3458 2593 3499 erat
2611 3445 2862 3517 publicus
2888 3458 2941 3497 et

1911 3526 2207 3597 publicanis
2232 3527 2393 3579 locari
2412 3527 2618 3579 solitus.
2638 3522 2746 3578 Sed
2770 3544 2938 3597 quum

1913 3607 2184 3677 proximus
2208 3619 2340 3659 esset
2362 3606 2490 3659 mari
2512 3619 2563 3659 et
2580 3606 2683 3658 hoc
2708 3605 2762 3657 in
2790 3605 2939 3657 illum

1913 3699 2182 3750 amaret,
2235 3705 2424 3756 magna
2481 3685 2706 3739 subinde
2747 3684 2940 3738 damna

1913 3766 2222 3837 piscatores,
2253 3766 2454 3838 ipsique
2484 3764 2753 3837 publicani
2783 3767 2939 3820 facie·

1912 3847 2059 3900 bant.
2104 3844 2235 3898 Inde
2270 3848 2456 3898 deserta
2500 3867 2601 3899 om.
2633 3846 2825 3899 Strabo
2861 3866 2942 3899 re-

1914 3927 2051 3979 fert:
2078 3926 2363 3998 Agrippam
2388 3926 2572 3980 melius
2599 3927 2851 3980 struxisse
2878 3927 2946 3978 la·

1915 4026 2007 4059 cus
2051 4008 2240 4059 ostium
2284 4005 2349 4058 ad
2392 4005 2674 4062 arcendum
2706 4007 2939 4079 pelagus.

1916 4088 2052 4140 Loca
2110 4099 2229 4139 sunt
2297 4108 2473 4142 saxosa
2524 4101 2679 4159 atque
2722 4107 2905 4158 aspera
2935 4127 2949 4150 ,

1916 4169 2099 4220 ostreis
2146 4169 2356 4221 referta.
