3143 5204
373 460 584 529 CAP.
634 461 752 545 11,
804 461 943 528 DE
997 460 1201 529 SAP.
1259 461 1325 527 D
1345 461 1538 529 ICT.
1597 461 1802 531 AUT
1854 463 2130 533 FACT.
2251 490 2274 534 ι
2304 491 2326 535 1

220 608 281 661 et
308 591 843 662 lamentationem
871 591 1264 662 vociferanti
1295 592 1715 662 innocentem
1735 619 1888 663 eum
1911 598 2280 690 periturum
2302 597 2344 684 '3

226 700 405 791 Quid
444 724 610 793 ergo
626 753 647 787 ‚
689 701 935 794 inquit,
979 704 1257 768 nocenti
1287 699 1455 768 mihi
1485 706 1664 770 mori
1694 707 1916 771 satius
1956 728 2104 773 esse
2136 705 2344 774 duxi-

218 808 353 875 sti?
378 809 782 876 Immensum
815 804 992 874 illam
1028 806 1452 900 sapientiam,
1486 831 1632 901 quae
1667 833 1752 877 ne
1788 810 1856 877 in
1899 810 2040 903 ipso
2077 811 2341 904 quidem

218 915 357 983 vitae
392 937 669 983 excessu
713 910 1008 983 oblivisci
1045 915 1145 982 sui
1182 908 1442 1007 potuit!

319 1062 382 1106 α.
422 1040 571 1132 Age
595 1061 795 1131 quam
833 1036 1195 1132 prudenter
1234 1035 1439 1108 Solon
1455 1034 1502 1123 ²,
1533 1044 1895 1125 neminem,
1930 1038 2087 1107 dum
2119 1040 2346 1109 adhuc

219 1148 493 1229 nuberet,
543 1144 819 1214 beatum
854 1145 994 1214 dici
1029 1143 1274 1214 debere
1287 1198 1307 1231 ,
1356 1144 1844 1230 arbitrabatur3
1882 1146 2075 1239 quod
2098 1146 2203 1215 ad
2231 1149 2342 1216 ul-

219 1256 440 1319 timum
487 1275 703 1345 usque
725 1253 895 1343 fati
940 1251 1116 1321 diem
1160 1251 1792 1347 ancipittifhrtunae
1831 1250 2122 1345 subjecti
2156 1278 2341 1322 esse-

217 1381 370 1426 mus.
406 1355 766 1427 Felicitatis
801 1359 1001 1454 igitur
1031 1359 1338 1427 humanae
1385 1357 1891 1489 appellationem
1931 1384 2132 1455 rogus
2174 1382 2342 1429 con-

216 1479 529 1552 summat,
555 1467 669 1559 qui
699 1489 767 1534 se
795 1468 1086 1535 incursui
1120 1463 1447 1535 malorum
1523 1465 1766 1558 objicit.
1799 1465 1987 1535 Idem
2024 1490 2228 1560 quum
2262 1491 2342 1536 ex

218 1573 435 1641 amicis
480 1571 834 1666 quemdam
886 1574 1174 1666 graviter
1224 1587 1613 1642 moerentem
1661 1571 1957 1659 videret,
1999 1574 2068 1640 in
2122 1597 2340 1643 arcem

219 1677 550 1773 perduxit,
580 1678 1012 1773 hortatusque
1040 1692 1141 1749 est
1154 1732 1175 1769 ‚
1196 1695 1418 1775 utpet·
1442 1702 1676 1751 omnes
1693 1680 2147 1772 subjectorum
2174 1680 2342 1750 cedi-

194 1785 519 1874 ,βάρι-απτ
533 1802 785 1881 partes
813 1788 1048 1856 oculos
1074 1788 1581 1878 czbcumfhtvess
1606 1786 1788 1880 quod
1816 1802 1894 1856 ut
1923 1786 2172 1856 factum
2203 1788 2342 1855 ani·

219 1893 607 1980 madvertit‚
653 1924 686 1959 α
719 1894 956 1989 Cogita
994 1918 1173 1963 nunc
1210 1908 1466 1983 tecum,
1502 1894 1748 1988 inquit,
1783 1917 1982 1988 quam
2018 1892 2208 1962 multi
2243 1891 2343 1962 lu-

219 2013 353 2068 ctus
395 1999 526 2069 sub
569 1999 671 2069 his
713 2003 900 2069 tectis
934 2015 1003 2069 et
1045 1998 1200 2087 olim
1252 2001 1534 2088 fuerint,
1576 2000 1902 2095 hodieque
1943 2014 2291 2070 versentur
2322 2054 2343 2088 ‚

219 2106 836 2203 insequentibusque
875 2106 1108 2177 seculis
1149 2110 1281 2177 sint
1316 2108 1674 2176 habitaturi
1707 2132 1722 2174 :
1756 2132 1834 2177 ac
1872 2109 2060 2177 mitte
2091 2122 2340 2177 morta·

221 2210 369 2282 lium
407 2214 831 2282 incommoda
870 2229 1205 2308 tamquam
1252 2215 1521 2308 propria
1558 2213 1868 2283 deflere.»
1912 2215 2067 2303 Qua
2108 2239 2344 2284 conso-

220 2317 455 2390 latione
483 2320 993 2408 demonstravit,
1016 2321 1215 2391 urbes
1240 2345 1381 2390 esse
1408 2321 1850 2391 huinanarum
1881 2318 2166 2389 cladium
2195 2347 2346 2390 con·

221 2442 394 2521 septa
438 2428 831 2498 miseranda.
862 2428 1049 2497 Idem
1081 2426 1327 2515 aiebat,
1364 2456 1398 2492 α
1429 2428 1498 2497 Si
1518 2429 1588 2496 in
1613 2452 1820 2496 unum
1860 2425 2082 2497 locum
2122 2429 2344 2497 cuncti

221 2533 384 2604 mala
421 2559 542 2604 sua
568 2534 1033 2624 contulissent,
1072 2534 1367 2606 futurum
1385 2588 1405 2619 .,
1431 2548 1508 2605 ut
1535 2535 1806 2630 propria
1832 2534 2190 2630 deportare
2224 2534 2344 2606 do·

222 2666 393 2713 mum
411 2696 439 2729 ,
472 2667 675 2737 quam
711 2668 793 2712 ex
827 2630 1203 2714 communi⁴
1238 2643 1651 2713 miseriarum
1689 2667 1929 2711 acervo
1970 2644 2344 2738 portionem

224 2772 395 2818 suam
441 2747 615 2819 ferre
652 2749 941 2819 mallent.
973 2780 1008 2815 ιο
1051 2752 1208 2840 Quo
1242 2747 1631 2843 colligebat,
1668 2775 1801 2819 non
1840 2764 2150 2845 oportere
2189 2774 2346 2837 nos,
2443 2817 2446 2824 .

222 2879 355 2947 quae
388 2841 706 2925 fortuito⁵
751 2859 1116 2951 patiamur,
1158 2858 1505 2951 praecipuae
1543 2871 1612 2925 et
1651 2856 2079 2926 intolerabilis
2116 2857 2344 2924 amari-

220 2962 452 3031 tudinis
482 2962 801 3057 judicare.

320 3083 385 3156 3.
419 3070 606 3156 Bias⁶
641 3101 899 3173 autem,
930 3110 1135 3180 quum
1177 3086 1455 3180 patriam
1488 3086 1630 3179 ejus
1671 3086 1975 3155 Prienem
2006 3084 2228 3155 hostes
2255 3084 2346 3153 in-

228 3195 535 3262 vasissent
561 3247 580 3281 ,
620 3194 927 3262 omnibus
956 3246 975 3278 ‚
1021 3218 1187 3286 quos
1233 3192 1435 3261 modo
1487 3193 1736 3262 saevitia
1777 3190 1931 3260 belli
1983 3190 2347 3261 incolumes

227 3298 393 3369 abire
424 3324 613 3394 passa
652 3299 898 3388 fuerat,
925 3302 1363 3395 pretiosarum
1393 3324 1617 3368 rerum
1643 3299 1937 3393 pondere
1971 3299 2223 3368 onustis
2253 3297 2346 3366 fu-

297 3518 344 3553 1.
375 3501 668 3554 Pet-inmun.
695 3501 779 3554 Ita
804 3501 1092 3553 Tot-renim
1116 3498 1232 3553 edi·
1318 3498 1419 3560 cit,
1460 3511 1518 3551 ut
1554 3497 1691 3550 mala
1734 3517 1844 3550 non
1882 3498 2108 3569 amplius
2140 3496 2208 3550 ad
2247 3516 2344 3550 non

227 3578 621 3634 &auctoritate
631 3579 1032 3651 quatuordecim
1046 3579 1232 3646 Mssa
1317 3591 1597 3651 penetrare
1623 3589 1835 3649 queant.

227 3662 387 3715 uteri
411 3659 697 3715 ediderunt
715 3681 821 3713 eum
841 3664 1031 3731 perimi.
1399 3664 1453 3723 4.
1494 3658 1760 3714 Communi.
1802 3657 2021 3729 Aliquot
2057 3656 2342 3711 ediderunt

299 3761 351 3794 τι.
391 3742 557 3795 Sam.
580 3740 710 3795 vid.
741 3742 883 3795 Plut.
912 3741 971 3794 in
1001 3740 1123 3793 vita.
1152 3767 1234 3783 —-·
1319 3742 1465 3793 omni.

229 3821 477 3874 Nan-inea.
498 3822 688 3893 Copes.
713 3825 796 3894 qni
814 3825 1068 3883 neminen,
1088 3818 1235 3891 quod
1404 3818 1456 3873 ⁵.
1482 3821 1725 3873 For-tuito.
1745 3819 1957 3891 Lipsius
1985 3818 2221 3871 mavult:
2244 3833 2346 3868 sot·

229 3899 524 3954 Perizonius
560 3902 727 3955 malit.
768 3901 871 3956 sed
920 3901 1012 3956 alii
1052 3919 1235 3955 omnen
1321 3903 1426 3953 tito.

230 3983 471 4036 mittunt
490 4001 677 4036 vocem
698 3986 797 4054 qui.
1402 3984 1459 4034 6.
1482 3978 1746 4033 Bias-,Vim
1773 3979 1884 4034 Cic.
1908 3977 2131 4042 Parad.;
2158 3977 2340 4032 Senec.

305 4063 356 4115 3.
398 4063 658 4116 Helenam.
701 4062 937 4134 Nempe,
977 4079 1122 4114 mors
1157 4063 1233 4111 in·
1320 4059 1387 4113 de
1399 4061 1598 4132 Tranq.
1626 4060 1717 4125 11,
1744 4062 1798 4126 5,
1816 4080 1903 4162 ep⁴
1927 4079 1982 4129 9.
2006 4058 2110 4112 Alii
2139 4057 2345 4112 Pittaco

232 4146 378 4193 cursui
406 4144 634 4195 malorum
659 4164 709 4196 κ
728 4143 915 4214 objicit,
941 4140 999 4196 id
1026 4154 1130 4208 est,
1155 4142 1232 4195 sa·
1320 4141 1423 4195 hoc
1448 4140 1710 4195 tribuunt.
