3143 5204
527 485 740 557 CAP.
796 484 943 570 vl,
997 485 1135 552 DE
1189 485 1928 554 NEcEssrrATE.
2196 491 2288 573 [μ

196 643 324 703 rus,
349 641 542 711 quam
581 629 900 711 praetexto
928 616 1069 709 ejus
1096 615 1463 710 sp1endoris
1499 618 1641 711 ipse
1674 615 1959 705 laturuS,
1987 622 2300 713 consequi

195 722 349 792 illam
393 747 431 790 a
470 721 720 818 populo
763 721 1114 816 aliquando
1156 747 1292 792 non
1328 724 1561 817 potuit.
1611 725 1916 792 Proxima
1954 723 2308 801 dementiaer

195 829 527 925 suffragia:
570 854 715 924 quae
751 829 905 898 satis
938 828 1204 924 quidem
1243 853 1476 923 graves
1511 853 1741 924 poenas
1777 832 2017 899 erroris
2055 833 2153 900 sui
2185 857 2298 926 pe-

193 936 586 1030 penderunt3
613 937 922 1030 quoniam
940 986 962 1022 ‚
1006 961 1202 1030 quem
1236 935 1560 1005 honorem
1586 937 1826 1006 Catoni
1865 952 2303 1032 negaverant,

193 1045 440 1113 Vatinio
476 1042 639 1112 dare
676 1042 887 1112 eoacti
911 1057 1101 1112 sunt:
1135 1066 1295 1137 ergo
1329 1044 1381 1112 si
1413 1067 1569 1112 vere
1605 1044 1926 1112 aestimare
1959 1041 2264 1114 volumus
2283 1097 2310 1133 ‚-

196 1173 309 1218 non
341 1151 581 1219 Catoni
619 1164 778 1218 tune
819 1162 1138 1243 praetura,
1175 1149 1288 1218 sed
1325 1164 1628 1243 praeturae
1656 1152 1827 1219 Cato
1864 1165 2141 1245 negatus
2182 1164 2312 1220 estae

860 1423 1327 1513 CAPUT
1418 1424 1594 1511 VI.

761 1643 853 1706 De
882 1644 1240 1706 necessitate
1266 1640 1718 1705 Romanorum.

199 1816 232 1845 1.
263 1799 419 1862 Populi
452 1799 635 1846 romani
668 1808 776 1861 post
807 1799 985 1846 cladem
1021 1814 1313 1846 ennnemem.
1342 1826 1405 1835 —
1454 1815 1498 1846 α.
1530 1799 1836 1847 Caenia-tum
1872 1800 1922 1846 in
1953 1799 2217 1847 obsidione.
2246 1826 2298 1835 —

244 1876 283 1925 3.
304 1881 689 1927 Praenestinomm
711 1879 911 1926 militum
942 1880 993 1926 in
1024 1879 1185 1926 eadem
1216 1880 1475 1926 obsidione.
1499 1905 1562 1915 ·-
1585 1887 1630 1935 4.
1657 1879 1828 1941 Ροριιῐί
1849 1879 2031 1926 romani
2057 1880 2184 1927 bello
2207 1880 2313 1927 Ma·

242 1960 376 2006 riano.
401 1986 462 1996 —
492 1961 539 2007 5.
564 1961 618 2007 C.
641 1960 832 2006 Caesnris
854 1959 912 2005 ad
936 1959 1175 2006 Mundam.
1201 1986 1264 1995 —
1283 1959 1330 2007 6.
1359 1960 1527 2022 Populi
1553 1960 1730 2006 asiatici
1751 1960 1881 2007 bello
1907 1960 2132 2021 parthico.

741 2123 833 2186 De
867 2125 1219 2187 necessitate
1254 2123 1316 2186 E
1315 2136 1711 2187 xtemorum.

200 2294 233 2325 ι.
256 2283 535 2329 Cretensium
555 2297 582 2327 ι
604 2283 667 2339 Q.
692 2281 884 2328 Metello
907 2281 1216 2327 obsessorum.
1246 2305 1307 2315 -
1331 2294 1377 2326 α.
1411 2279 1805 2326 Numantinorum
1840 2295 1866 2323 ι
1901 2281 1947 2323 Ρ.
1982 2277 2216 2339 Scipione.
2247 2303 2305 2312 -

247 2361 282 2406 3.
303 2362 756 2424 Calagurritanorum
779 2375 806 2405 ι
827 2359 916 2407 Cn.
941 2359 1180 2420 Pompeio.

527 2563 637 2617 DE
684 2561 1289 2618 NECESSITATE
1337 2558 1926 2616 ROMANORUM.

282 2748 751 2820 Abominandae
788 2772 1049 2843 quoque
1079 2745 1515 2816 necessitatis¹
1545 2747 1966 2832 amarissimae
2000 2745 2208 2841 legeS‚
2240 2759 2308 2813 et

198 2857 725 2927 truculentissima
753 2857 1067 2950 imperia,
1109 2869 1250 2923 tum
1292 2854 1525 2923 urbem
1562 2869 1891 2939 nostram,
1930 2867 2073 2921 tum
2105 2854 2307 2922 etiam

199 2979 430 3033 exteras
469 2979 715 3059 -gentes
763 2961 969 3032 multa
1025 2986 1160 3030 non
1209 2960 1541 3030 intellectu
1598 2975 1854 3029 tantum
1882 3013 1902 3046 ‚
1946 2959 2062 3029 sed
2109 2961 2305 3028 etiam

200 3070 404 3139 auditu
438 3072 698 3165 gravia,
728 3071 981 3165 perpeti
1014 3082 1390 3162 coegerunt.

304 3201 353 3245 ι.
395 3181 568 3247 Nam
607 3175 857 3271 aliquot
895 3175 1184 3245 adversis
1226 3173 1464 3269 praeliis
1511 3173 1802 3243 secundo
1845 3174 2092 3267 punico
2133 3170 2312 3242 bello

201 3283 491 3354 exhausta
539 3282 800 3353 militari
845 3284 1193 3376 juventute
1233 3304 1509 3350 romana
1531 3333 1550 3365 ‚
1595 3294 1861 3348 senatus
1902 3294 2173 3348 auctore
2208 3280 2307 3347 Ti.

204 3391 489 3460 Graccho
526 3389 829 3461 consule²
861 3391 1148 3477 censuit,
1180 3394 1284 3457 uti
1294 3387 1577 3483 publice
1600 3392 1777 3455 servi
1801 3385 2125 3454 adversus
2138 3410 2309 3482 pro-

205 3591 250 3644 in
276 3595 379 3664 ejus
406 3594 500 3646 vit.
521 3625 602 3636 -
619 3594 883 3644 Proetexto.
901 3593 1197 3643 Proeteaetum
1284 3589 1420 3652 senti
1445 3588 1624 3640 animo
1652 3606 1716 3641 ex
1741 3588 1867 3659 ipsis
1894 3587 2047 3642 malis
2068 3585 2312 3658 quedam

205 3686 421 3742 pram-a
445 3685 524 3727 est
543 3685 761 3726 ornatus
774 3711 790 3737 ,
807 3690 917 3743 quo
935 3683 989 3723 et
1004 3684 1200 3743 prator
1285 3667 1517 3723 remedia
1531 3668 1758 3739 reperit,
1782 3686 1841 3721 ac
1856 3666 2147 3738 prudenter
2166 3666 2221 3719 di
2229 3667 2312 3719 ffi-

206 3754 439 3806 utebatur.
474 3752 606 3807 Vid.
641 3771 831 3824 supra,
868 3753 951 3816 11,
992 3770 1091 3816 ιο,
1138 3770 1197 3815 13
1284 3749 1568 3803 cultatibus
1588 3761 1640 3800 et
1665 3746 2131 3801 discriminibusse
2153 3765 2318 3818 expe·

205 3832 321 3890 vll.
348 3854 369 3887 1
385 3871 402 3898 ,
430 3851 452 3886 1
468 3872 485 3898 ,
503 3847 557 3886 et
582 3834 612 3886 3
630 3872 643 3897 ,
673 3835 724 3887 8.
751 3834 831 3885 De
849 3830 1070 3884 Vatinio
1087 3828 1197 3883 vid.
1288 3828 1463 3893 dit‚ne
1489 3847 1611 3881 cum
1632 3846 1724 3899 spe
1749 3840 1802 3880 et
1823 3829 2042 3881 salutem
2064 3825 2271 3897 perdat.

203 3931 340 3984 cupra
361 3915 459 3979 IV,
493 3934 521 3966 ι
540 3950 554 3969 ,
591 3920 645 3976 4.
1374 3929 1425 3962 2.
1457 3907 1678 3960 Consule.
1708 3907 1858 3978 Pigh.
1887 3926 1950 3961 ex
1971 3907 2156 3978 Camp.
2186 3907 2313 3978 legit

278 4013 294 4046 ι
307 4034 319 4045 .
342 3994 667 4047 Necessitati-5.
692 3993 880 4045 Beatus
898 3993 988 4044 ille
1005 3991 1097 4062 qui
1119 4009 1203 4042 ur·
1290 3991 1478 4042 consule
1494 3989 1763 4058 designato.
1782 4020 1863 4030 —
1885 3987 2099 4040 Censuit.
2119 3989 2220 4041 An.
2240 3988 2310 4039 U.

203 4087 336 4141 gente
346 4074 648 4128 necessitate
662 4071 899 4144 duraque
910 4084 1052 4126 sorte
1063 4090 1203 4142 pres·
1298 4069 1429 4140 537.
1468 4068 1587 4121 Liv.
1629 4068 1789 4120 XXII
1803 4107 1820 4133 ‚
1869 4068 1969 4136 573
2011 4066 2315 4120 Macrobius

204 4171 277 4205 sus
299 4154 524 4207 animum
553 4173 661 4206 non
701 4153 908 4223 abjicit,
945 4150 1037 4206 sed
1068 4170 1202 4222 proe-
1293 4150 1397 4203 Sat.
1426 4151 1480 4215 1;
1511 4148 1724 4201 Servius
1758 4146 1827 4201 ad
1854 4145 2004 4214 Virg.
2045 4151 2164 4201 AEn.
2204 4148 2318 4209 lx,
