3143 5204
1114 499 1561 567 VALERII
1635 498 2044 565 MAXIMI
2116 500 2303 566 LIB.
2379 501 2609 567 VIII.

871 634 993 721 ..Q
1038 628 1406 715 Scaevola¹‚
1451 628 1671 725 legum
1713 629 2111 699 clarissimus
2154 646 2220 699 et
2265 634 2662 701 certissimus
2708 649 2929 717 vateS,

801 740 1320 835 quotiescunque
1367 736 1450 804 de
1484 736 1636 828 jure
1679 736 2098 830 praediatorio
2140 736 2640 823 consulebatur,
2677 741 2760 807 ad
2800 744 2930 808 Fu-

800 848 975 915 rium
1012 859 1077 914 et
1117 836 1549 931 Cascelliumss
1582 844 1736 938 quia
1771 844 1927 912 huic
1964 847 2251 913 scientiae
2287 843 2486 914 dediti
2517 861 2737 931 erant,
2775 872 2929 916 con—

792 951 1077 1021 sultores
1104 951 1484 1045 rejiciebat:
1511 974 1645 1043 quo
1677 949 1940 1043 quidem
1966 950 2142 1020 facto
2173 950 2696 1057 moderationem
2727 956 2935 1047 magis

797 1084 986 1128 suam
1019 1057 1557 1143 commendabat,
1593 1080 1792 1151 quam
1824 1059 2283 1128 auctoritatem
2316 1058 2691 1145 minuebat,
2720 1061 2805 1128 ab
2835 1060 2935 1127 his

803 1165 866 1235 id
907 1167 1244 1260 negotium
1294 1168 1510 1258 aptius
1553 1161 1865 1256 explicari
1911 1189 2104 1258 posse
2148 1164 2562 1250 confitendo,
2606 1168 2718 1260 qui
2760 1190 2933 1259 quo-

799 1272 1046 1341 tidiano
1089 1273 1230 1365 ejus
1270 1296 1393 1340 usu
1439 1268 1838 1340 callebant²:
1878 1271 2335 1365 sapientissimi
2375 1273 2574 1364 igitur
2608 1274 2769 1341 artis
2803 1297 2935 1341 suae

800 1378 1203 1473 professores
1253 1392 1443 1464 sunt,
1487 1402 1524 1444 a
1566 1377 1806 1471 quibus
1853 1392 1919 1446 et
1965 1379 2231 1472 propria
2272 1377 2485 1447 studia
2521 1378 2933 1463 verecunde,

797 1500 864 1554 et
906 1483 1116 1554 aliena
1152 1483 1383 1554 callide
1428 1486 1851 1553 aestimantur.

813 523 954 570 110

647 1649 652 1664 Ι
701 1740 708 1747 1
798 1697 1143 1751 OPTIMIS
1176 1697 1506 1750 ARTIUM
1540 1695 1995 1750 MAGISTRIS
2033 1697 2679 1751 CONCEDENDUM
2712 1697 2932 1765 ESSE,

1229 1794 1342 1846 UT
1382 1792 1724 1846 FACTUM
1765 1791 1988 1845 APUD
2034 1792 2500 1847 EXTERNOS.

918 1998 940 2042 1
961 2026 976 2041 .
1021 1956 1342 2041 Platonis³
1386 1995 1648 2065 quoquc
1688 1969 2202 2040 eruditissimum
2244 1987 2474 2066 pectus
2513 1973 2655 2042 haec
2693 1974 2934 2068 cogita·

799 2083 892 2150 tio
923 2080 1171 2173 attigit:
1211 2080 1324 2172 qui
1349 2077 1788 2147 conductores
1819 2102 2020 2147 sacrae
2048 2102 2178 2146 arae
2192 2065 2241 2165 ⁴,
2277 2077 2360 2146 de
2390 2079 2590 2148 modo
2620 2094 2687 2148 et
2718 2079 2934 2148 forma

791 2188 935 2281 ejus
995 2211 1218 2255 secum
1281 2200 1652 2254 sermonem
1709 2182 2014 2254 conferre
2077 2200 2348 2253 conatos
2370 2238 2389 2270 ‚
2447 2185 2529 2253 ad
2586 2184 2930 2255 Euclidem

728 2326 739 2342 ¹
795 2308 1202 2392 geometram
1236 2294 1331 2360 ire
1352 2292 1580 2386 jussit,
1624 2292 1912 2360 scientiae
1948 2291 2089 2384 ejus
2126 2290 2401 2378 cedem,
2443 2294 2644 2361 immo
2677 2292 2931 2387 profes·

798 2404 984 2471 sioni.

909 2535 974 2578 2.
1020 2506 1412 2577 Gloriantur
1461 2506 1738 2574 Athenae
1795 2492 2348 2574 armamentario⁵
2405 2531 2564 2593 suo,
2613 2531 2735 2574 nec
2793 2508 2934 2575 sine

795 2640 1031 2704 causa3
1068 2629 1169 2682 est
1207 2615 1381 2682 enim
1418 2610 1581 2681 illud
1618 2638 1787 2707 opus
1823 2627 1890 2681 et
1923 2615 2219 2707 impensa
2256 2628 2322 2682 et
2358 2612 2678 2709 elegantia
2713 2615 2932 2683 visen-

888 2836 938 2870 1.
965 2816 1197 2869 Scaevola.
1230 2811 1361 2867 Vid.
1395 2813 1508 2866 Cic.
1549 2831 1650 2883 pro
1675 2813 1820 2866 Balb.

804 2897 925 2951 XX.
948 2928 1028 2938 -—
1048 2895 1218 2947 Vates.
1240 2892 1306 2945 Id
1330 2896 1433 2957 est,
1454 2893 1715 2964 interpres
1737 2912 1825 2965 pe·

800 2979 953 3032 ritus.
981 2975 1067 3028 Sic
1099 2972 1374 3027 medicine
1396 2986 1539 3025 vates
1559 2971 1702 3044 apud
1723 2974 1826 3024 Pli-

803 3058 970 3111 nium.
1007 3088 1087 3100 ——
1124 3054 1466 3106 Proede'atorio.
1517 3053 1636 3117 Qua
1693 3072 1823 3106 voce

799 3138 961 3193 etiam
998 3136 1186 3189 Cicero
1220 3133 1407 3186 utitur.
1449 3132 1821 3185 Pmdiatorium

795 3222 880 3289 jus
910 3230 1009 3277 est,
1049 3213 1193 3286 quod
1236 3213 1464 3285 pertinet
1507 3210 1573 3264 ad
1606 3211 1820 3283 praedia.

805 3298 976 3369 Hujus
988 3295 1121 3368 juris
1137 3293 1291 3367 periti
1307 3293 1462 3346 etiam
1484 3291 1824 3364 praediatores

801 3377 950 3431 dicti.
980 3407 1060 3418 —-·
1101 3374 1402 3428 Cascellium.
1448 3372 1607 3426 Hunc
1646 3372 1824 3427 laudat

801 3459 963 3512 etiam
986 3456 1116 3507 Hor.
1147 3455 1202 3506 in
1226 3466 1324 3506 art.
1352 3465 1494 3525 poet.

907 3559 956 3590 α.
985 3534 1257 3589 Callehant.
1278 3532 1468 3585 Callet-e
1485 3525 1703 3604 proprie
1719 3546 1821 3598 est,

799 3618 996 3674 callum
1026 3615 1338 3669 contrahere
1371 3631 1384 3665 :
1416 3611 1507 3665 sed
1534 3631 1632 3684 per
1659 3626 1824 3665 meta-

805 3699 1029 3772 phoram
1043 3695 1128 3748 illa
1144 3713 1274 3748 voce
1290 3691 1612 3764 experientia
1625 3704 1677 3744 et
1694 3692 1827 3745 mul-

803 3793 889 3833 tus
916 3795 1095 3830 rerum
1118 3793 1245 3828 usus
1264 3773 1609 3844 significatur.
1628 3773 1662 3825 J
1666 3773 1822 3826 ustin.

802 3858 1007 3922 XXIV,
1029 3863 1080 3919 4.

889 3939 940 3992 3.
968 3937 1210 3988 Platonis.
1240 3931 1369 3985 Vid.
1401 3933 1541 3985 Plut.
1574 3929 1641 3984 de
1668 3931 1824 4002 genio

801 4018 1001 4071 socrat.
1036 4016 1184 4068 Plato
1229 4014 1529 4085 geometria
1570 4011 1824 4082 peritissi-

799 4116 922 4150 mus
950 4097 1005 4149 in
1045 4090 1408 4148 constituenda
1441 4090 1669 4146 Palladis
1704 4110 1823 4156 ara,

800 4196 870 4231 ne
889 4177 1100 4229 alterius
1120 4188 1284 4228 artem
1311 4191 1566 4244 usurpare
1585 4171 1719 4225 velle
1744 4172 1823 4224 vi-

1911 2812 2148 2875 deretur,
2179 2812 2246 2866 ad
2273 2813 2546 2867 Euclidem
2575 2832 2934 2884 megarensem

1911 2894 2238 2947 consultores
2265 2894 2460 2965 rejecit.

1996 2981 2047 3037 4.
2065 2973 2442 3027 Conductores...
2455 2975 2805 3027 aroe.Winch.
2815 2986 2869 3026 et
2878 2977 2932 3026 in

1912 3054 2145 3123 margine
2168 3053 2287 3108 Lib.
2308 3057 2443 3107 Dan.
2472 3054 2674 3107 cond....
2695 3059 2812 3106 vfoe.
2843 3054 2934 3106 Pi·

1910 3133 2064 3205 ghius
2095 3152 2158 3185 ex
2184 3137 2486 3202 coniectura
2507 3132 2674 3186 edidit
2689 3135 2833 3187 cond.
2858 3153 2936 3185 are-

1912 3217 2009 3274 cis,
2034 3225 2225 3283 putans
2250 3215 2525 3266 Valerium
2552 3233 2701 3284 agere
2725 3212 2795 3267 de
2826 3233 2934 3265 ame

1912 3294 2197 3357 Minerva,
2223 3294 2739 3365 magnificentissimo
2770 3307 2825 3346 et
2849 3312 2933 3346 ce-

1910 3373 2193 3425 leberrimo
2216 3375 2541 3427 Athenarum
2564 3372 2816 3437 aefflficio,
2841 3374 2933 3427 ubi

1911 3454 2291 3507 sanctissimum
2319 3455 2573 3507 Minervae
2598 3454 2807 3526 signum
2823 3493 2839 3516 ‚
2866 3453 2934 3506 de

1912 3534 2038 3585 caelo
2052 3532 2323 3605 delapsum
2339 3573 2354 3597 ‚
2369 3533 2671 3587 dedicatum
2690 3534 2932 3606 legimus.

1911 3613 2113 3665 Verum
2144 3616 2264 3685 quis
2293 3613 2532 3674 dubitet,
2562 3615 2819 3667 Minervae
2849 3635 2928 3665 an-

1913 3712 2009 3744 cem
2031 3695 2139 3764 jam
2179 3709 2301 3747 ante
2333 3695 2605 3748 Platonem
2638 3695 2933 3747 exstitisse?

1911 3772 2226 3827 Mitallerius
2255 3793 2397 3827 aram
2427 3774 2684 3846 Apollinis
2713 3776 2770 3827 in
2799 3776 2934 3827 Delo

1858 3891 1867 3898 κ
1912 3852 2175 3924 intelligit.
2185 3852 2551 3908 Conductores
2562 3871 2665 3907 ειη
2675 3869 2822 3922 sunt,
2840 3854 2933 3926 qui

1912 3946 2057 3986 certo
2082 3934 2256 4004 pretio
2283 3953 2398 3987 eam
2426 3932 2789 3989 {edificandam
2817 3954 2932 3988 sus-

1911 4013 2133 4084 cipiunt.
2962 4055 2971 4066 .

1996 4094 2046 4145 5.
2080 4095 2486 4148 Armamentan'o.
2511 4096 2643 4147 Plin.
2667 4095 2802 4159 VII,
2830 4094 2929 4165 373

1913 4172 2024 4226 Cic.
2049 4170 2117 4226 de
2142 4173 2239 4226 Or.
2264 4176 2318 4238 1,
2348 4182 2435 4237 ¹¹5·
