3143 5204
806 475 900 566 74
1116 473 1550 540 VALERII
1620 472 2033 541 MAXIMI
2102 472 2292 538 LIB.
2364 471 2590 540 VIII.

803 601 1084 697 spoliare
1125 604 1514 691 conaretur,
1568 617 1871 697 sumptus
1906 603 2077 670 inter
2113 626 2226 671 eos
2261 601 2463 696 judex
2487 656 2506 688 ‚
2547 603 2614 669 in
2650 626 2922 697 conspe-

799 723 911 778 ctu
956 709 1181 779 habita
1234 711 1631 804 quaestione‚
1694 707 2079 778 seductum¹
2124 710 2436 778 Titinium
2494 711 2798 794 monuit,
2860 726 2928 778 ut

796 822 1065 911 incepto
1092 816 1474 902 deszlcteret,
1506 840 1596 884 ac
1617 817 1882 885 mulieri
1896 814 2122 885 dotem
2147 815 2473 885 redderet.
2496 815 2698 903 Quod
2722 841 2926 927 quum

800 926 1033 1018 saepius
1065 923 1308 992 frustra
1340 870 1638 1010 fecisset,
1675 936 1942 992 coactus
1972 921 2056 990 ab
2094 948 2173 991 eo
2211 923 2601 991 sententiam
2635 947 2927 1016 pronun·

801 1030 1005 1114 tim-e,
1050 1028 1390 1098 mulierem
1432 1029 1854 1124 impudicitiae
1895 1053 2073 1097 ream
2117 1030 2413 1098 sestertio
2458 1053 2732 1097 nummo
2753 1083 2773 1116 ,
2816 1030 2928 1096 Ti-

802 1137 1037 1204 tinium
1066 1160 1323 1205 summa
1344 1133 1605 1205 'totius
1632 1135 1806 1205 dotis
1835 1134 2212 1224 damnavit3
2242 1134 2551 1230 praefatus
2572 1188 2591 1222 ‚
2622 1166 2656 1199 «
2682 1135 2931 1227 idcirco

799 1267 867 1309 se
907 1243 1087 1312 hunc
1120 1241 1461 1335 judicandi
1499 1242 1770 1312 modurn
1802 1257 2188 1336 sequutum,
2226 1241 2406 1336 quod
2449 1241 2730 1335 liqueret
2763 1241 2890 1309 sibi
2914 1297 2932 1328 ,

797 1349 1110 1416 Titinium
1156 1348 1553 1443 patrimonio
1596 1350 1859 1419 Fanniae
1902 1347 2166 1419 insidias
2209 1363 2569 1417 struentem
2592 1401 2612 1434 ‚
2649 1348 2932 1442 impudi-

800 1479 893 1527 cae
936 1455 1318 1549 conjugium
1364 1456 1702 1549 expetisse.
1744 1485 1777 1519 ι)
1832 1457 2078 1524 Fannia
2134 1469 2353 1523 autem
2401 1454 2546 1523 haec
2599 1468 2700 1523 est
2724 1461 2753 1541 ‚‘
2789 1479 2933 1547 quae

798 1574 1026 1652 postea
1054 1562 1343 1632 Marium
1380 1560 1640 1630 hostem
1682 1586 1720 1629 a
1749 1576 1981 1629 senatu
2010 1560 2421 1680 Judicaturn,
2459 1585 2779 1653 coenoque
2820 1585 2933 1654 pa·

802 1663 970 1735 ludis
987 1692 1170 1761 ‚qua
1205 1682 1538 1739 extractus
1564 1682 1746 1753 erat,
1775 1666 2093 1755 oblitum,
2116 1668 2310 1736 etiam
2342 1668 2409 1735 in
2439 1665 2712 1735 domum
2745 1691 2931 1735 suam

796 1720 1298 1843 custoiliendum
1335 1758 1742 1843 Minturnis³
1785 1773 2184 1861 deductum,
2227 1799 2354 1867 ope
2397 1787 2933 1868 quantacumque

797 1881 1051 1999 potuit,
1097 1881 1391 1974 adjuvit:
1436 1906 1731 1967 memor,
1781 1879 1960 1974 quod
2011 1879 2344 1975 impudica
2388 1879 2677 1973 judicata
2721 1895 2932 1969 esset,

798 1986 930 2055 suis
974 1988 1306 2057 moribus·
1289 1987 1520 2082 ‚quod
1555 1988 1781 2058 dotem
1812 2001 2177 2077 servasset,
2205 1985 2374 2057 illius
2406 1983 2702 2082 religioni
2735 2011 2933 2057 acce-

799 2106 990 2187 ptum
1033 2093 1191 2163 ferri
1236 2093 1496 2164 debere.

903 2203 970 2285 4.
1024 2199 1279 2271 Multus
1333 2226 1550 2270 sermo
1607 2224 1688 2269 eo
1731 2201 1927 2269 etiam
1968 2200 2215 2295 judicio
2258 2186 2628 2285 manavit⁴,
2685 2201 2754 2268 in
2799 2224 2936 2295 quo

797 2304 1067 2399 quidam
1099 2307 1259 2377 furti
1292 2306 1643 2376 damnatus
1672 2321 1807 2376 est·
1790 2359 1810 2393 ‚
1840 2306 2019 2401 quod
2049 2332 2254 2402 equo,
2288 2306 2475 2401 cujus
2512 2330 2668 2376 usus
2697 2304 2790 2374 illi
2825 2333 2937 2376 us-

795 2437 926 2506 que
957 2414 1248 2482 Ariciam
1285 2413 1746 2483 commodatus
1772 2412 2027 2502 fuerat,
2066 2413 2381 2484 ulteriore
2415 2414 2557 2507 ejus
2593 2414 2936 2508 municipii

796 2516 968 2587 clivo
1002 2534 1229 2588 vectus
1265 2533 1452 2588 esset.
1491 2519 1679 2640 Quid
1700 2517 1877 2588 aliud
1900 2520 2032 2590 hoc
2055 2517 2180 2590 loci
2199 2574 2219 2610 ,
2243 2545 2441 2652 quam
2464 2519 2936 2590 verecundiam

793 2623 964 2693 illius
1001 2625 1202 2695 seculi
1242 2623 1626 2715 laudemus,
1661 2629 1727 2694 in
1765 2652 1897 2721 quo
1936 2642 2072 2697 tam
2106 2614 2390 2697 minuti⁵
2438 2652 2477 2696 a
2513 2629 2768 2723 pudore
2813 2652 2935 2697 ex-

797 2755 1016 2800 cessus
1058 2731 1548 2825 puniebantur?

885 2950 932 2983 1.
960 2932 1229 2984 Seductum.
1261 2931 1492 2984 Seducere
1512 2945 1591 2986 est
1615 2952 1644 2985 a
1665 2935 1822 2987 turba
1907 2953 1990 3006 ep.
2035 2938 2130 3003 69.
2175 2931 2348 2988 Codd.
2381 2933 2665 2987 Justiuian.
2705 2935 2819 2999 IX,
2853 2936 2939 2989 tit.

795 3019 1097 3076 removere,
1144 3023 1204 3063 ut
1233 3012 1451 3066 seorsim
1482 3032 1606 3066 cum
1645 3013 1821 3084 aliquo
1916 3033 1978 3079 1,
2005 3018 2057 3067 6.
2076 3015 2335 3066 -Εω-ιὶ.
2358 3013 2424 3066 Id
2446 3014 2606 3085 prisci
2626 3013 2753 3067 Jcti
2771 3014 2845 3068 de
2875 3016 2941 3070 iis

796 3109 950 3161 agere
976 3091 1252 3162 possimus,
1906 3095 2095 3165 sepius
2115 3106 2439 3159 statuerunt,
2469 3095 2562 3165 qui
2589 3095 2755 3159 ultm,
2774 3115 2940 3165 quam

876 3191 926 3223 a.
960 3169 1157 3224 Summa
1189 3176 1331 3224 totius
1360 3173 1502 3228 dotis.
1546 3175 1622 3226 Ut
1651 3186 1819 3227 totam
1905 3173 2109 3226 dictum
2126 3187 2283 3240 esset,
2305 3173 2456 3245 equis
2476 3173 2827 3227 commodatis
2845 3195 2942 3229 ve·

794 3249 975 3303 dotem
1002 3253 1318 3306 restitueret.
1905 3254 2177 3307 hei-entur.
2218 3287 2299 3297 --
2336 3254 2394 3305 V
2387 3255 2638 3306 emcundea
2671 3268 2725 3307 et
2751 3257 2942 3325 pudore

875 3330 929 3383 3.
954 3331 1232 3386 Minturnis.
1254 3331 1384 3384 Vid.
1409 3352 1566 3404 supra
1591 3334 1658 3399 1‚.
1673 3333 1701 3387 5
1718 3371 1735 3399 ‚
1757 3332 1818 3398 5,
1906 3333 1993 3386 hic
2017 3334 2190 3387 utitur
2220 3347 2487 3406 tamquam
2513 3336 2845 3406 synonymis.

792 3410 820 3460 1
839 3446 856 3474 ,
889 3430 919 3479 7
939 3448 955 3475 ,
983 3411 1047 3477 53
1083 3414 1158 3477 11,
1186 3433 1275 3475 10,
1310 3417 1363 3467 6.
1989 3412 2042 3466 5.
2074 3415 2274 3467 Minuci.
2298 3413 2398 3467 Ed.
2418 3427 2521 3466 vet.
2544 3418 2754 3467 minim.
2774 3416 2941 3469 Unde

877 3496 927 3553 4.
947 3491 1185 3546 Manavia
1206 3492 1338 3547 Vid.
1357 3493 1658 3565 symmach.
1681 3494 1816 3559 vn,
1905 3493 2050 3565 Lips.
2083 3494 2212 3565 legit
2234 3496 2429 3549 minimi.
2463 3495 2612 3549 Nihil
2638 3514 2795 3568 opus.

818 3727 847 3754 ἣν
