3143 5204
522 489 737 557 CAP.
769 489 954 573 XII,
1010 489 1142 555 DE
1198 489 1507 556 MORT.
1563 488 1772 557 NON
1827 490 2136 559 VULG.
2259 490 2399 586 193

390 645 458 715 7.
509 623 595 689 At
642 618 1031 704 Pindarus¹‚
1073 643 1278 713 quum
1321 621 1390 688 in
1435 622 1775 714 gymnasio
1832 646 2029 716 super
2083 625 2405 716 gremium

276 728 503 821 pueri,
555 752 689 821 quo
746 727 939 795 unice
1001 724 1489 811 delectabatur,
1546 728 1761 821 capite
1808 730 2025 821 posito
2079 732 2285 823 quieti
2342 756 2411 800 se
2498 752 2505 758 ·

277 832 597 919 dedisset,
634 859 771 902 non
807 835 989 928 prius
1024 832 1376 902 decessisse
1414 835 1717 928 cognitus
1756 849 1885 920 est,
1920 859 2117 929 quam
2149 861 2413 932 gymna-

278 939 543 1008 siarcha
598 938 901 1008 claudere
944 941 1081 1033 jam
1140 964 1292 1008 eum
1345 937 1564 1008 locum
1619 938 1917 1027 volente,
1965 942 2405 1036 nequidquam

278 1048 718 1115 excitaretur:
779 1047 884 1115 cui
946 1045 1215 1139 quidem
1268 1044 1659 1115 crediderim
1714 1046 1943 1116 eadem
2005 1047 2409 1143 benignitate

278 1151 561 1221 deorum
610 1166 676 1221 et
727 1166 983 1221 tantum
1036 1152 1311 1247 poeticae
1358 1150 1718 1238 facundiae‚
1771 1168 1838 1222 et
1891 1167 2026 1222 tam
2082 1153 2412 1249 placidum

276 1260 435 1327 vitae
476 1258 677 1328 finem
718 1259 1127 1328 attributum.

390 1365 457 1435 8.
494 1367 681 1434 Sicut
719 1362 1159 1435 Anacreonti²
1205 1390 1506 1461 quoque,
1549 1367 1849 1460 quamvis
1894 1380 2138 1436 statum
2174 1368 2419 1437 huma-

278 1496 384 1540 nae
434 1472 586 1541 vitae
641 1471 913 1541 modum
970 1497 1446 1567 supergresso;
1502 1495 1696 1565 quem
1752 1497 1897 1542 uvae
1951 1496 2158 1567 passae
2219 1499 2419 1544 succo

282 1591 519 1646 tenues
569 1592 637 1647 et
677 1577 873 1648 exiles
914 1580 1153 1647 virium
1202 1576 1507 1673 reliquias
1563 1578 1898 1648 foventem
1920 1632 1940 1666 ‚
1996 1581 2190 1649 unius
2232 1583 2422 1674 grani
2536 1629 2549 1643 .

280 1685 686 1778 pertinacior
719 1686 788 1753 in
824 1684 1021 1753 aridis
1062 1685 1363 1753 faucibus
1405 1684 1650 1754 humor
1684 1685 2071 1780 absumpsit.

391 1813 460 1884 9.
507 1793 792 1885 Jungam
824 1789 1004 1871 illos,
1043 1817 1210 1885 quos
1248 1805 1314 1860 et
1350 1793 1806 1886 propositum,
1846 1806 1912 1861 et
1969 1794 2182 1862 exitus
2231 1817 2422 1888 pares

280 1895 484 1965 fecit:
536 1896 702 1964 Milo
738 1899 1159 1966 Crotoniates
1187 1951 1205 1983 ,
1254 1922 1459 1992 quum
1512 1898 1636 1966 iter
1685 1896 1929 1967 faciens
1988 1923 2306 1992 quercum
2350 1901 2417 1968 in

280 2026 448 2096 agro
491 2005 716 2072 cuneis
757 2003 1003 2072 adactis
1042 2004 1265 2073 fissam
1304 2003 1606 2090 vidisset,
1637 2003 1844 2072 fretus
1879 2005 2162 2093 viribus,
2198 2030 2420 2076 acces·

281 2111 368 2178 sit
424 2108 507 2177 ad
567 2133 750 2195 eam,
796 2111 1184 2204 insertisque
1234 2110 1538 2179 manibus
1585 2107 1895 2179 divellere
1950 2125 2225 2180 conatus
2281 2128 2416 2182 est.

280 2240 450 2310 quas
506 2216 706 2286 arbor
767 2218 1055 2286 excussis
1112 2218 1340 2286 cuneis
1392 2218 1462 2346 {¹¹
1514 2239 1700 2284 suam
1749 2230 2054 2286 naturam
2112 2233 2422 2289 revocata

280 2324 714 2416 compressit,
759 2347 1041 2416 eumque
1087 2348 1240 2391 cum
1292 2308 1427 2390 tot³
1477 2322 1797 2415 gymnicis
1840 2320 2073 2416 palmis
2117 2322 2415 2393 laceran-

282 2428 447 2497 dum
497 2428 650 2498 feris
693 2429 990 2523 praebuit.

402 2558 517 2606 ιο.
586 2538 755 2604 Item
809 2521 1265 2656 Polydamas*
1291 2533 1538 2604 athleta
1593 2549 1981 2652 tempestate
2034 2535 2414 2632 speluncam

281 2642 510 2711 subire
559 2656 859 2730 coactus,
917 2644 1122 2711 nimio
1175 2657 1243 2711 et
1293 2642 1513 2711 subito
1560 2643 1832 2711 incursu
1873 2667 2057 2737 aquae
2094 2641 2415 2716 labefacta

280 2773 358 2816 ea
399 2772 477 2818 ac
514 2762 783 2834 ruente,
829 2750 1079 2818 caeteris
1122 2749 1470 2817 comitibus
1523 2748 1681 2842 stiga
1725 2748 2090 2843 periculum
2145 2753 2412 2821 vitanti-

371 2977 423 3011 1.
452 2957 715 3011 Phidams.
742 2954 870 3008 vid.
901 2954 1090 3008 Suidas
1118 2967 1173 3006 et
1198 2955 1305 3007 He·
1392 2966 1565 3007 tamen
1594 2955 1845 3008 inusitato
1865 2957 2051 3010 mortis
2074 2977 2264 3029 genere
2294 2974 2412 3015 tan-

280 3037 513 3108 sychins.
539 3069 619 3079 —
642 3035 1046 3108 Gymnasiamha.
1075 3032 1203 3087 vid.
1223 3053 1307 3087 su·
1391 3031 1513 3085 dem
1540 3034 1726 3105 periit,
1760 3032 1890 3087 dum
1921 3055 2076 3090 succo
2108 3057 2225 3092 uvae
2247 3061 2408 3112 passae

281 3135 411 3187 pra,
432 3118 537 3182 IX,
577 3134 645 3168 ιο
662 3153 680 3180 ,
700 3129 805 3169 ext.
834 3136 887 3168 ει.
1389 3114 1549 3166 exiles
1564 3115 1704 3167 vires
1733 3115 1911 3169 fovere
1927 3117 2101 3171 vellet.
2127 3119 2294 3172 Status
2323 3124 2409 3173 lm·

367 3217 418 3248 α.
444 3197 757 3249 Anacreonti.
780 3198 845 3248 In
864 3196 1019 3255 Teio,
1045 3194 1205 3247 Samo
1223 3206 1301 3246 at·
1390 3212 1544 3244 πωπω
1559 3197 1680 3245 vitoe
1696 3195 1859 3246 modm
1880 3208 1959 3248 est
1973 3209 2112 3261 aetas,
2130 3217 2288 3269 quam
2307 3202 2406 3254 ho-

281 3295 386 3347 que
414 3274 636 3328 Athenis
664 3274 835 3329 dulcia
852 3266 944 3327 s'ua
966 3275 1198 3327 carmina
1218 3292 1301 3327 ce·
1390 3273 1556 3325 mines
1584 3275 1896 3346 plerumque
1924 3276 2181 3347 attingere
2203 3282 2373 3335 solent
2388 3322 2404 3347 ,

280 3357 500 3408 cinerat.
542 3355 823 3409 Terminus
863 3355 1107 3408 humana
1145 3355 1268 3406 vitae
1285 3394 1301 3419 ,

281 3454 417 3507 qnos
446 3435 536 3486 alii
558 3435 847 3507 attingunt,
868 3437 978 3506 jam
1004 3451 1302 3505 supergres-

283 3535 371 3568 sus
382 3512 646 3568 thid.
658 3516 776 3568 Plin
785 3517 907 3585 .V‚7
918 3513 1262 3582 .—-Quamvis·
1270 3552 1282 3565 ·
1292 3553 1304 3566 ·

1388 3370 1499 3404 non
1522 3369 1650 3404 vero
1676 3355 1822 3405 seculi
1836 3359 2063 3425 spatium,
2094 3357 2172 3411 uti
2191 3359 2402 3414 Perizo-

1388 3430 1507 3484 nius
1532 3449 1598 3484 ex
1615 3432 1866 3485 Petronio
1881 3435 2155 3502 observat3
2172 3440 2262 3509 qui
2281 3440 2402 3493 ideo

1388 3512 1581 3565 frustra
1610 3512 1840 3583 colligit,
1868 3516 2256 3571 Anacreontem
2283 3522 2402 3590 plus

279 3614 606 3666 sapen-gnua,
643 3615 777 3669 quem
794 3635 810 3649 .
829 3635 843 3649 .
866 3634 880 3648 .
900 3595 1159 3660 foventem.
1187 3593 1304 3646 Hoc

282 3695 311 3729 a
323 3674 514 3746 Pighio
527 3690 622 3741 est,
636 3695 792 3747 quem
800 3693 985 3728 omnes
997 3672 1085 3726 alii
1096 3672 1304 3743 sequuti

282 3769 424 3809 sunt.
451 3756 691 3827 Kappius
708 3775 819 3809 uon
833 3753 1042 3807 dubitat
1052 3753 1182 3825 quin
1200 3753 1307 3804 Va·

282 3835 445 3888 let-ius
480 3836 748 3906 scripserit
776 3854 913 3907 quem
944 3834 1044 3886 bis.
1063 3872 1106 3887 ..
1137 3852 1302 3904 super-

281 3935 520 3984 gressum,-
548 3914 707 3968 dnm..
726 3917 962 3983 ,βοηθῇ
994 3912 1051 3967 id
1075 3925 1178 3977 est,
1209 3911 1304 3983 qui

283 4013 450 4065 quum
475 3993 543 4046 ad
573 4014 832 4048 summam
849 3997 960 4066 jam
983 3993 1306 4065 pervenisset

284 4086 636 4140 senectutem,
660 4087 714 4127 et
731 4075 852 4128 vite
869 4075 1112 4127 humanm
1128 4072 1305 4125 termi-

286 4171 383 4205 nos
408 4155 564 4224 longe
600 4156 703 4226 jam
741 4173 1100 4227 supergressus
1140 4165 1303 4214 esset,

394 4267 493 4330 JJ.

1387 3605 1602 3645 centum
1634 3593 1782 3645 annis
1805 3592 2008 3647 vixisse.

1487 3679 1537 3725 3.
1591 3673 1685 3724 Tot
1723 3677 1956 3745 gymnicis
1996 3676 2187 3744 palmis.
2229 3678 2403 3731 sexies

1390 3764 1481 3804 aut
1501 3752 1692 3823 septies
1713 3752 1908 3806 vicerat
1932 3753 1988 3806 in
2010 3756 2399 3811 certaminibus.

1389 3829 1517 3884 vid.
1553 3832 1693 3886 Gell.
1731 3833 1854 3895 XV,
1897 3837 1997 3897 163
2033 3834 2193 3889 Ovid.
2230 3838 2285 3889 in
2314 3838 2397 3890 lb.

1391 3914 1459 3964 61
1476 3930 1526 3976 ις
1547 3910 1890 3977 Strabo‚V1;
1915 3912 2133 3979 Suidas3
2158 3915 2325 3972 Solin.
2346 3925 2399 3980 4.

1470 3997 1526 4054 4.
1569 3992 1880 4062 Polydamas.
1920 3991 2048 4046 vid.
2089 3995 2307 4051 Pausan.
2351 4013 2405 4053 et

1389 4069 1594 4124 Suidas.
1630 4103 1710 4114 --
1744 4071 2037 4125 Vitantt'bus.
2078 4074 2165 4127 Sic
2205 4095 2278 4132 ex.
2319 4077 2405 4134 ed.

1387 4163 1493 4203 vet.
1515 4152 1757 4224 Kappius
1781 4153 2029 4206 restituit.
2057 4155 2310 4210 Nonnulli
2329 4158 2402 4210 le-

1955 4257 2041 4328 13
