3143 5204
462 454 668 520 CAP.
714 454 957 537 v111,
1013 409 1459 519 Dnoi‘lo
1517 454 2039 523 LAUDATO.
2208 482 2302 552 97

187 610 335 653 eum
383 587 626 653 amoris
668 584 972 670 vinculO,
1015 600 1155 653 tum
1203 587 1396 653 etiam
1440 588 1734 653 omnium
1780 588 2099 655 virtutum
2146 590 2314 656 inter

189 717 254 759 se
284 693 502 782 juncti
536 694 843 760 societate
864 745 883 777 ,
921 707 996 759 ut
1033 706 1316 760 actuosae
1348 693 1500 761 vitae
1538 693 1663 760 iter
1698 692 1929 787 aequali
1968 694 2178 788 gradu
2204 720 2314 763 ex-

190 798 636 891 sequebantur
655 852 675 885 ‚
705 800 796 866 ita
825 799 1028 866 animi
1065 822 1328 892 quoque
1355 799 1723 867 remissioni
1752 803 2191 869 communiter
2219 827 2319 870 ac-

190 905 664 997 quiescebant;
695 918 955 973 constat
984 928 1305 998 namque,
1342 929 1454 973 eos
1491 906 1734 974 Caietae
1764 921 1831 974 et
1860 909 2176 976 Laurenti
2207 928 2316 975 va-

189 1035 304 1103 gos
330 1010 347 1034 ¹
384 1010 690 1079 litoribus
742 1009 1103 1080 conchulas
1144 1026 1211 1079 et
1268 1009 1555 1080 calculos
1602 1011 1970 1097 lectitasse;
2019 1013 2215 1107 idque
2253 1040 2322 1082 se

194 1120 261 1185 L.
308 1119 595 1186 Crassus
642 1142 722 1185 ex
765 1141 994 1186 socero
1043 1143 1162 1187 suo
1204 1119 1289 1207 Q.
1343 1117 1679 1205 Scaevola,
1725 1121 1836 1211 qui
1888 1144 2090 1213 gener
2143 1120 2322 1189 Laelii

194 1224 354 1309 fuit,
396 1224 658 1293 audisse
695 1220 1146 1319 saepenumero
1185 1224 1586 1318 praedicavit.
1876 1292 1881 1301 ‚

297 1356 366 1398 2.
413 1328 748 1399 Scaevola²
793 1345 1016 1399 autem
1053 1333 1288 1425 quietae
1328 1332 1725 1400 remissionis
1770 1356 2002 1400 eorum
2041 1334 2329 1402 certissi-

195 1462 339 1505 mus
379 1439 607 1523 testis,
645 1438 893 1531 optime
933 1435 1067 1535 pila
1106 1436 1333 1507 lusisse
1373 1437 1695 1520 traditur3
1737 1438 1890 1531 quia
1919 1438 2223 1508 videlicet
2249 1440 2333 1507 ad

197 1544 320 1611 hoc
359 1542 827 1612 diverticulum
855 1528 877 1566 ³
927 1546 1219 1612 animum
1270 1568 1500 1630 suum,
1546 1543 1917 1613 forensibus
1962 1547 2334 1615 ministeriis

198 1648 542 1743 fatigatum
569 1703 588 1734 ,
632 1650 989 1718 transferre
1034 1649 1286 1718 solebat
1311 1676 1332 1748 ‚³
1381 1637 1617 1718 alveo⁶
1649 1675 1916 1745 quoque
1960 1667 2026 1720 et
2070 1651 2335 1722 calculis

200 1781 467 1825 vacasse
504 1756 836 1824 interdum
875 1756 1151 1838 dicitur,
1183 1780 1386 1848 quum
1421 1756 1588 1824 bene
1623 1780 1701 1824 ac
1734 1757 1845 1823 diu
1879 1758 2029 1850 jura
2063 1760 2337 1846 civium,

201 1878 263 1930 et
309 1863 724 1931 caerimonias
781 1862 1055 1930 deorum
1108 1860 1513 1945 ordinasset3
1553 1876 1629 1929 ut
1674 1866 1848 1930 enim
1894 1866 1961 1931 in
1998 1866 2194 1934 rebus
2241 1891 2337 1933 se·

205 1971 310 2036 riis
349 1967 712 2038 Scaevolam
742 2022 760 2054 ‚
799 1970 888 2036 ita
938 1982 1002 2035 et
1036 1968 1103 2036 in
1150 1969 1426 2036 scenicis
1450 1954 1471 1991 ⁵
1512 1966 1763 2036 lusibus
1803 1968 2141 2038 hominem
2180 1974 2339 2065 a‘ge-
2411 1991 2415 1994 ’

206 2076 314 2143 bat
344 2103 358 2141 :
392 2101 594 2170 quem
633 2100 854 2143 rerum
893 2088 1127 2142 natura
1173 2074 1466 2142 continui
1512 2074 1753 2141 laboris
1795 2077 2153 2168 patientem
2200 2104 2339 2146 csse

208 2206 336 2250 non
382 2197 555 2251 sumt.

211 2372 346 2419 abne.
367 2367 488 2419 Hoc
506 2380 584 2419 est
599 2406 613 2432 ,
636 2367 690 2418 in
708 2367 1015 2419 remissione
1040 2366 1231 2432 animi,

1323 2366 1414 2420 38.
1447 2365 1548 2417 Hic
1575 2366 1805 2419 Scaevola
1844 2385 1953 2419 non
1997 2369 2096 2421 fuit
2128 2370 2200 2434 Q.
2251 2391 2345 2424 cu-

207 2466 363 2517 quum
377 2447 618 2499 animum
630 2446 974 2499 remitterent.
987 2444 1230 2510 SicVIII‚

219 2528 295 2590 13,
312 2540 419 2581 ext.
448 2546 502 2588 1,
532 2538 766 2578 senectute
787 2546 884 2597 pro
907 2529 957 2577 ἰιι
980 2538 1228 2577 senectute.

213 2607 310 2660 Sed
330 2623 384 2661 et
399 2608 568 2670 VIII,
590 2629 622 2676 9
640 2645 656 2671 ,
676 2620 778 2660 ext.
805 2627 858 2673 a,
886 2611 1099 2659 oratione
1131 2626 1230 2677 pro

215 2692 432 2740 orationi.

293 2788 339 2821 1.
379 2768 571 2836 Vagos.
610 2766 819 2818 Scilicet
849 2765 1148 2835 Scipionem
1180 2778 1232 2818 et

216 2848 448 2901 Laelinm.
478 2847 537 2895 V
527 2865 649 2915 agos
672 2846 939 2898 invenitur
963 2846 1017 2895 in
1041 2845 1230 2916 Copes.

218 2927 267 2978 in
291 2942 492 2999 septem
518 2926 634 2979 aliis
656 2925 806 2978 MSS.
835 2939 886 2977 et
917 2925 1094 2977 multis
1119 2923 1232 2976 edi-

218 3008 463 3059 tionibus.
486 3006 640 3076 Pigh.
665 3025 784 3058 cum
809 3005 1001 3056 Colero
1028 3018 1080 3056 et
1100 3006 1236 3056 Vor-

220 3088 311 3139 stio
329 3086 500 3140 edidit
525 3106 686 3155 vagas
699 3107 718 3147 ,·
740 3099 817 3138 ast
841 3083 1110 3155 quomodo
1124 3124 1138 3148 ,
1157 3084 1235 3136 in·

219 3169 328 3237 quit
344 3166 656 3219 Perizonius
667 3207 682 3232 ‚
699 3165 971 3218 conchulae
988 3176 1260 3234 poteranta

222 3267 359 3317 ναμε
383 3246 494 3300 dici
509 3285 526 3309 ‚
555 3264 723 3317 quum
745 3246 801 3297 in
824 3246 962 3297 sicco
983 3244 1138 3297 litore
1155 3246 1233 3315 ja·

222 3339 391 3379 terent
405 3327 429 3379 Ρ
445 3327 586 3378 Hinc
605 3346 759 3395 vagos
784 3326 838 3376 in
862 3337 1063 3377 textum
1090 3342 1234 3376 rece·

222 3407 299 3476 pit
311 3406 604 3459 Torrenius
616 3444 632 3470 ,
657 3424 813 3476 quem
832 3405 1075 3476 Kappius
1087 3404 1236 3475 sequi

225 3505 327 3537 non
363 3485 647 3538 dubitavit.
688 3518 760 3527 —
812 3484 1049 3537 Calculus.
1088 3483 1192 3534 Alii
1221 3501 1234 3535 τ

226 3567 486 3627 ambibi-os,
510 3565 657 3636 quod
674 3565 832 3617 etiam
852 3565 1041 3617 Cicero
1055 3563 1232 3628 habet,

229 3643 281 3695 id
292 3658 383 3710 est,
395 3664 589 3717 parvos
600 3643 857 3698 rotundos
873 3643 1100 3697 calculos
1111 3641 1234 3694 niti-

225 3722 424 3791 diores,
454 3726 651 3796 quibus
688 3738 738 3776 et
764 3725 893 3776 olim
925 3723 1050 3775 libri
1081 3719 1237 3774 deco-

227 3805 498 3870 rabantur3
525 3804 637 3857 vid.
663 3804 891 3857 Martial.
908 3805 955 3856 I.
975 3803 1112 3856 Alii:
1138 3801 1241 3852 obe·

229 3884 383 3945 timos,
400 3887 467 3937 ab
479 3886 755 3938 obelorum
776 3881 1049 3937 similitudi
1058 3900 1122 3934 ne
1134 3878 1243 3935 dic-

229 3975 312 4014 tos
333 3975 515 4017 teretes
539 3977 593 4024 et
621 3965 892 4034 oblongos¹
911 3962 1134 4035 lapillos.
1167 3992 1246 4004 --

237 4041 460 4102 Crassus,
493 4057 706 4103 orator,
732 4043 977 4096 Scaevolae
1001 4060 1177 4114 gener.

318 4142 341 4172 a
389 4123 622 4176 Seaeoola.
653 4121 777 4176 Vid.
810 4123 1034 4187 Quintil.
1063 4122 1165 4185 XI,
1197 4139 1249 4182 a,

350 4233 442 4299 II.

1316 2448 1399 2515 jus
1418 2457 1567 2497 antea
1582 2445 1783 2498 mentio
1802 2446 1935 2499 facta
1952 2486 1968 2513 ‚
1983 2446 2074 2499 sed
2088 2451 2343 2520 pontifex.

1403 2525 1454 2576 3.
1479 2526 1841 2578 Dicet-ticulum.
1867 2526 2343 2587 oblectamentum.
2408 2552 2413 2557 ·

1403 2612 1455 2668 4.
1492 2606 1664 2659 ΑΙνεο.
1688 2606 1869 2659 Aloeus
1887 2608 2089 2660 lusor-ius
2108 2611 2209 2663 fuit
2225 2632 2314 2666 vas
2332 2656 2349 2680 ‚

1321 2686 1375 2736 in
1408 2704 1514 2756 quo
1554 2685 1798 2738 ludentes
1825 2699 2039 2740 tesseras
2064 2691 2345 2760 jaciebant.

1323 2763 1448 2816 Vid.
1475 2765 1689 2818 Vitruv.
1723 2766 1790 2818 V.
1836 2767 2039 2819 Plinius
2066 2770 2347 2840 XXXVII,

1326 2864 1354 2895 2
1375 2881 1391 2908 ,
1410 2845 1598 2907 refert,
1622 2846 1936 2916 Pompeium
1956 2847 2228 2920 triumpho
2250 2865 2352 2907 ter-

1322 2925 1396 2976 tio
1424 2923 1492 2977 de
1512 2926 1634 2977 Asia
1654 2937 1710 2977 et
1736 2926 1913 2978 Ponto
1945 2927 2084 2981 inter
2112 2931 2349 2988 solennia

1322 3003 1528 3056 alveum
1575 3023 1605 3056 e
1647 3006 1866 3076 gemmis
1914 3007 2047 3059 mira
2084 3013 2347 3082 magnitu-

1322 3081 1448 3135 dine
1469 3082 1718 3137 detulisse
1747 3104 1870 3136 cum
1897 3088 2102 3140 tesseris
2122 3127 2149 3154 ,h
2172 3110 2287 3162 quae
2319 3115 2349 3147 a

1323 3163 1438 3215 talis
1486 3161 1706 3216 diversae
1748 3177 1915 3218 erant.
1970 3166 2095 3220 Vid.
2139 3156 2349 3227 Ernesti

1322 3243 1453 3294 clav.
1505 3243 1560 3294 in
1618 3244 1760 3295 talus.
1822 3245 1962 3298 Aleae
2007 3246 2152 3300 lusus
2197 3254 2348 3322 juve·

1323 3322 1481 3374 nibus
1508 3323 1874 3377 Saturnalibus
1889 3327 2170 3394 permissus
2188 3369 2205 3395 ‚
2225 3334 2350 3385 reli.

1326 3421 1432 3471 quo
1454 3421 1581 3454 vero
1610 3404 1734 3455 anni
1757 3416 1994 3473 tempore
2010 3408 2203 3462 vetitus
2218 3426 2346 3466 erat.

1329 3480 1456 3533 Vid.
1490 3482 1605 3535 Cic.
1628 3482 1741 3534 Cat.
1769 3486 1857 3536 16.

1412 3562 1462 3614 5.
1496 3563 1720 3614 scenicis.
1766 3560 2028 3616 Ludicris.
2078 3567 2161 3620 Ita
2195 3571 2351 3641 plane

1323 3641 1484 3694 habet
1512 3640 1598 3693 ed.
1632 3654 1733 3694 vet.
1773 3638 2010 3713 vestigia
2050 3645 2206 3717 hujus
2242 3650 2350 3704 lec·

1328 3720 1485 3773 tionis
1497 3733 1785 3774 occurrunt
1802 3723 1857 3774 in
1870 3724 2048 3777 multis
2057 3725 2208 3781 MSS.
2221 3749 2355 3800 quo.

1327 3819 1449 3852 rum
1476 3802 1564 3853 alii
1598 3805 1647 3852 in
1683 3806 1858 3862 scenis,
1891 3803 1981 3854 alii
2013 3809 2065 3855 in
2095 3815 2264 3869 scam,
2303 3815 2351 3863 ιἰι

1334 3882 1631 3941 scurrilibus,
1662 3882 1887 3941 habent,
1912 3881 2056 3935 unde
2082 3887 2181 3939 viri
2208 3888 2356 3945 docti

1334 3961 1677 4030 conjecerunt
1697 3965 1747 4013 in
1773 3964 1934 4024 ser-iis,
1962 3966 2011 4013 in
2034 3966 2289 4032 senilibus,·
2304 3976 2354 4022 in

1335 4043 1504 4101 doenaek,
1543 4044 1593 4093 ἰη
1625 4041 1894 4102 tum-ilibus,
1932 4053 2031 4094 etc.
2064 4044 2197 4109 Quae
2228 4067 2357 4103 con.

1333 4121 1547 4188 jecturoe
1595 4121 1808 4192 Kappio
1859 4121 2035 4174 futiles
2091 4124 2357 4187 videntur.

1957 4252 1995 4323 7
