3143 5204
717 452 857 525 168
1089 454 1525 520 VALERII
1582 452 1989 519 MAXIMI
2045 453 2235 520 LIB.
2291 454 2419 519 IX.

705 586 974 655 Atilium
1020 583 1348 678 Regulum
1397 598 1751 677 ceperant,
1795 581 2174 653 simulantes
2217 608 2359 653 sese
2398 583 2667 653 domum
2711 611 2825 655 re·-

703 693 978 778 vehem,
1019 693 1085 758 in
1116 691 1250 758 alto
1281 704 1693 776 merserunt;
1733 688 1891 783 quid
1919 704 2115 775 ¹tanto
2155 690 2446 759 facinore
2487 690 2826 785 petentes?

706 823 788 865 an
832 823 915 865 ne
944 798 1234 866 victoriae
1272 822 1501 865 eorum
1535 798 1749 864 socius
1787 795 2195 890 superesset?
2229 799 2461 865 Exstat
2495 795 2822 865 nihilomi-

704 929 867 989 nus,
919 918 985 971 et
1038 904 1301 997 quidem
1346 927 1495 972 cum
1536 900 1795 970 illorum
1840 903 2238 997 opprobrio;
2293 928 2490 997 quem
2532 904 2672 973 sine
2713 902 2821 971 illa

703 1009 926 1103 gloriae
964 1011 1222 1103 jactura
1260 1008 1646 1077 inviolatum
1688 1006 2113 1103 reliquissent.

816 1144 879 1185 2.
926 1112 1252 1184 Hannibal
1298 1141 1499 1210 porro
1542 1114 1946 1185 Nucerinos¹
1993 1115 2261 1184 hortatu
2303 1139 2424 1183 suo
2465 1139 2614 1183 cum
2655 1115 2822 1184 binis

701 1224 1107 1291 vestimentis
1142 1222 1373 1290 urbem
1406 1221 2017 1316 inexpugnabilibus
2054 1223 2258 1290 muris
2293 1223 2576 1290 cinctam
2603 1246 2818 1316 egres·

706 1354 810 1397 sos
831 1381 851 1414 ,
895 1352 1142 1422 vapore
1181 1342 1248 1396 et
1293 1328 1475 1397 fumo
1518 1326 1901 1396 balnearum
1948 1326 2419 1422 strangulando
2440 1380 2460 1413 ,
2504 1341 2572 1395 et
2611 1329 2818 1397 Acer-

703 1458 1017 1501 ranorum
1058 1450 1358 1503 senatum
1393 1434 1626 1504 eadem
1668 1436 1919 1503 ratione
1955 1449 2141 1503 extra
2169 1435 2412 1503 moenia
2437 1448 2821 1519 evocatum,

700 1541 769 1606 in
797 1539 1201 1634 profundum
1231 1556 1580 1635 puteorum
1609 1540 2008 1633 abjiciendO,
2045 1565 2266 1609 nonne
2306 1538 2549 1608 bellum
2588 1538 2818 1608 adver—

702 1670 812 1714 sus
849 1646 1185 1741 ‚populum
1243 1671 1593 1718 romanum
1654 1661 1721 1715 et
1776 1646 2032 1715 Italiam
2093 1646 2465 1741 professus,
2508 1644 2821 1714 adversus

700 1753 908 1846 ipsam
940 1751 1139 1821 fldem
1166 1757 1377 1822 acrius
1407 1756 1638 1847 gessit,
1678 1753 2031 1822 mendaciis
2058 1768 2124 1821 et
2153 1752 2404 1821 fallacia
2437 1754 2620 1846 quasi
2655 1776 2819 1846 prae·

700 1857 893 1926 claris
939 1859 1188 1928 artibus
1234 1859 1567 1954 gaudens?
1608 1862 1763 1948 Quo
1804 1860 2054 1942 evenit,
2102 1874 2175 1927 ut
2219 1858 2458 1952 alioqui
2497 1859 2820 1952 insignem

699 1966 986 2033 nominis
1023 1968 1120 2033 sui
1157 1968 1540 2035 memoriam
1574 1965 1954 2052 relicturus,
1995 1968 2059 2034 in
2090 1965 2702 2057 dubio‚‚majorne,
2734 1989 2820 2033 an

697 2070 887 2163 pejor
929 2073 1032 2138 vir
1074 2072 1301 2141 haberi
1342 2072 1650 2159 deberet,
1694 2087 1988 2167 poneret.

784 2298 831 2331 1.
873 2280 1150 2332 Nucerinos.
1186 2282 1285 2333 An.
1324 2282 1393 2333 U.
1441 2281 1570 2351 537.
1612 2283 1712 2333 Zo-
1800 2300 1910 2334 esse
1952 2299 2134 2333 omnes
2156 2318 2172 2345 ,
2215 2297 2550 2351 quocumque
2588 2279 2821 2350 hospitia

696 2377 874 2423 naras;
896 2360 1011 2411 Liv.
1038 2360 1254 2426 xxn13
1271 2362 1499 2432 Appian.
1523 2361 1710 2430 Libye.
1798 2374 1890 2414 aut
1916 2361 2165 2413 fortuitus
2188 2360 2352 2413 animi
2375 2360 2601 2430 impetus
2622 2359 2819 2411 tulerit.

694 2438 952 2490 XXXIV.
987 2439 1212 2492 Nuceria
1244 2442 1372 2493 urbs
1411 2442 1711 2511 Campania
1798 2473 1879 2483 —
1908 2441 2048 2491 Binis
2077 2442 2384 2491 vestimentis.
2429 2440 2510 2492 Ex
2539 2437 2694 2490 Livio
2730 2438 2819 2491 Pi-

690 2516 852 2569 hodie
878 2518 1099 2571 Nocera.
1122 2521 1201 2571 De
1214 2519 1524 2573 crudelitate
1540 2520 1597 2571 in
1621 2538 1710 2571 eos
1797 2519 1951 2590 ghius
1985 2519 2199 2591 conjicit
2235 2521 2435 2589 singulis
2453 2558 2468 2581 ,
2506 2516 2599 2571 sed
2637 2528 2820 2571 auctor

690 2596 873 2650 Livius
922 2598 1057 2651 nihil
1104 2598 1292 2664 habet,
1337 2597 1427 2652 sed
1480 2599 1663 2653 scribit
1693 2618 1707 2651 :
1797 2611 1976 2652 noster
2001 2621 2032 2654 a
2059 2600 2211 2653 Livio
2239 2600 2396 2654 etiam
2422 2599 2477 2653 in
2508 2598 2624 2652 aliis
2644 2617 2822 2652 exem·

689 2675 984 2729 Nucerinos
1009 2679 1197 2730 urbem
1222 2697 1452 2749 egressos
1479 2678 1709 2749 dilapsos
1796 2679 1900 2749 plis
1932 2680 2054 2734 abit.
