3143 5204
603 503 812 570 CAP.
870 504 1031 585 111,
1084 505 1220 569 DE
1275 502 1453 568 IRA
1507 505 1631 570 ET
1687 506 1975 570 omo.
2207 502 2342 575 153

234 638 386 705 dum
429 635 751 703 intestinis
785 649 850 702 et
891 633 1251 702 visceribus
1289 634 1524 726 egestis
1560 636 1863 704 homines
1900 638 2223 723 inserere,
2259 642 2349 706 ita

233 758 303 810 ut
326 741 654 835 capitibus
680 738 1139 809 tantummodo
1162 739 1526 827 emineant3
1552 741 1845 834 quoque¹
1868 742 2110 810 diutius
2137 770 2349 838 poenae

232 848 605 941 sufficiant,
647 847 795 915 cibo
836 859 903 913 et
931 846 1199 938 potione
1235 844 1559 914 infelicem
1604 848 1903 940 spiritum
1941 873 2303 943 prorogare
2335 875 2347 917 ε

232 954 444 1022 donec
481 955 657 1022 intus
694 950 1079 1045 putrefacti,
1119 950 1386 1019 laniatui
1424 954 1557 1020 sint
1585 952 2042 1042 animalibus²,
2074 980 2219 1048 quae
2254 971 2350 1024 ta-

235 1060 401 1127 bidis
457 1061 524 1126 in
576 1058 963 1151 corporibus
1012 1058 1190 1126 nasci
1236 1056 1464 1126 solent.
1517 1045 1931 1147 Queramur³
1976 1085 2152 1130 nunc
2198 1087 2349 1130 cum

237 1181 470 1233 natura
515 1190 777 1250 rerum,
823 1163 999 1257 quod
1040 1189 1162 1231 nos
1207 1161 1425 1232 multis
1467 1179 1534 1238 et
1578 1167 1821 1258 asperis
1861 1165 2149 1235 adversae
2179 1166 2353 1235 vale·

238 1271 478 1338 tudinis
529 1270 958 1338 incommodis
1004 1269 1321 1338 obnoxios
1369 1294 1509 1338 esse
1549 1270 1870 1355 voluerit3
1924 1272 2355 1368 habitumque

240 1376 516 1445 caelestis
570 1378 825 1445 roboris
879 1376 1184 1445 humanae
1237 1376 1596 1445 conditioni
1646 1377 2041 1472 denegatum
2087 1378 2360 1447 moleste

240 1482 562 1569 feramus,
597 1508 800 1577 quum
855 1497 954 1550 tot
989 1483 1315 1551 cruciatus
1358 1483 1618 1552 sibimet
1654 1485 1794 1578 ipsa
1826 1484 2188 1554 mortalitas
2232 1486 2357 1553 im-

241 1586 431 1681 pulsu
471 1588 874 1658 crudelitatis
911 1589 1400 1682 excogitaverit.

930 1790 1368 1879 CAPUT
1484 1795 1671 1878 III.

805 2001 898 2063 De
931 2002 1033 2063 ira
1068 2012 1131 2062 et
1160 2000 1303 2065 odio
1343 2002 1791 2066 Romanorum.

252 2208 284 2235 ι.
313 2194 374 2237 Μ.
403 2192 521 2236 Livii
544 2191 813 2237 Salinatoris
839 2192 943 2237 Cos.
970 2219 1030 2225 —
1055 2206 1100 2237 α.
1122 2194 1173 2239 C.
1197 2193 1362 2239 Marcii
1389 2194 1539 2255 Figuli
1568 2195 1780 2253 juriscos.
1809 2223 1869 2229 —
1894 2196 1940 2241 3.
1969 2199 2284 2243 patriciorum.
2312 2224 2371 2231 -—

303 2278 341 2322 4.
367 2269 633 2314 iuventutis
657 2272 999 2317 romanae.—5.
1026 2272 1267 2317 Exercitus
1287 2273 1481 2317 romani.
1509 2273 1602 2318 -6
1643 2274 1797 2319 Plebis
1822 2291 2037 2321 romanae.
2053 2303 2113 2309 —
2134 2292 2175 2334 7.
2195 2278 2256 2334 Q.
2273 2278 2374 2321 Me·

303 2348 395 2393 telli
419 2349 710 2395 Macedonici
733 2366 916 2410 procos.
939 2376 1000 2384 —
1027 2351 1071 2395 8.
1099 2353 1151 2395 1..
1178 2352 1382 2398 Cornelii
1403 2353 1554 2399 sullae.

796 2520 891 2581 De
927 2521 1021 2581 ira
1059 2531 1121 2582 et
1153 2520 1298 2583 odio
1341 2521 1403 2583 E
1404 2534 1795 2584 mter-norum.

251 2726 285 2757 1.
317 2711 566 2757 Alexandri
592 2712 838 2772 Magni.—
854 2727 897 2758 2.
922 2712 1192 2758 Hamilcaris
1217 2714 1402 2759 Barchae
1428 2715 1567 2760 Poeni.
1584 2741 1644 2749 -
1661 2716 1703 2761 3.
1724 2717 1999 2762 Hannibalis
2024 2718 2209 2765 Barcbae
2236 2721 2375 2765 Poeni.

787 2817 847 2827 -
871 2800 914 2845 l..
940 2792 1249 2838 Semiramidis
1264 2827 1277 2846 ,
1309 2793 1596 2851 Assyriorum
1615 2795 1799 2855 reginae.

612 2969 718 3021 DE
771 2969 916 3021 IRA
969 2969 1075 3020 ET
1128 2968 1344 3020 ODIO
1399 2969 2003 3024 ROMANORUM.

341 3141 491 3215 Ira‘*
537 3173 798 3241 quoque
843 3163 910 3216 et
954 3147 1178 3216 odium
1219 3149 1306 3214 in.
1334 3149 1713 3241 pectoribus
1756 3149 2063 3219 humanis
2096 3177 2372 3248 magnos

245 3253 478 3323 fluctus
511 3256 798 3323 excitant
830 3281 844 3321 ε
887 3279 1208 3348 procursu
1243 3251 1526 3323 celerior
1557 3253 1665 3321 illa
1688 3309 1706 3340 ‚
1746 3257 2030 3324 nocendi
2064 3259 2374 3352 cupidine

243 3359 364 3428 lioc
408 3362 827 3454 pertinacius.
867 3363 1163 3453 Uterque
1201 3362 1750 3428 consternationis
1788 3359 2019 3454 plenus
2054 3364 2369 3447 affectus,

242 3490 313 3534 ac
350 3491 689 3560 nunquam
742 3469 878 3534 sine
913 3480 1246 3535 tormento
1297 3468 1395 3534 sui
1440 3464 1766 3533 violentus
1807 3493 1821 3533 τ
1872 3469 2022 3560 quia
2071 3469 2366 3540 dolorem

323 3695 367 3727 1.
400 3677 629 3747 Quoque.
655 3675 712 3726 id
732 3689 808 3728 est
822 3715 837 3738 ,
859 3689 1000 3746 utque
1022 3688 1074 3725 ut
1089 3713 1104 3738 ,
1126 3677 1260 3727 sicut
1345 3676 1503 3728 uibus
1526 3689 1658 3728 esset
1672 3714 1689 3740 ‚
1711 3689 1800 3728 aut
1821 3696 1937 3748 quae
1955 3692 2155 3731 naturae
2173 3680 2373 3733 incom-

244 3755 480 3807 nonnulli
531 3753 813 3807 ediderunt
836 3794 853 3818 ,
892 3775 955 3807 ex
997 3756 1256 3826 interpre·
1346 3753 1503 3807 moda
1530 3775 1639 3808 non
1657 3756 1807 3807 facile
1831 3759 2123 3822 ferrentur,
2147 3759 2249 3812 nisi
2271 3761 2369 3812 ho-

244 3833 448 3886 tatione.
1346 3836 1537 3900 mines,
1557 3835 1884 3888 humanitate
1912 3838 2083 3900 exuti,
2105 3838 2209 3908 ipsi
2238 3840 2370 3894 alter

318 3933 366 3965 2.
393 3913 716 3965 Animalibus.
737 3913 1155 3984 Vermibus,qui
1175 3927 1250 3965 ta·
1346 3915 1557 3966 alterius
1583 3915 1771 3967 fierent
1803 3928 2040 3968 tortores.

242 3989 372 4044 bidis
393 3993 706 4062 corporibus
733 3993 930 4045 innasci
962 3994 1145 4045 solent.
1418 4002 1466 4057 ti·
1517 3996 1618 4045 Ira.
1662 3997 1741 4046 De
1778 4014 1880 4065 qua
1915 3995 2122 4066 legatur
2151 3996 2364 4052 Seneca.

318 4071 366 4123 3.
389 4074 676 4141 (lucramur.
694 4073 911 4142 Egregia
925 4074 974 4123 V
979 4073 1122 4125 alerii
1136 4092 1250 4124 sen·
1336 4071 1406 4124 Hi
1440 4074 1728 4144 turpissimi
1756 4075 1974 4127 affectus
1998 4094 2060 4128 eo
2088 4078 2333 4131 tetriores
2350 4119 2366 4144 ,

243 4151 408 4204 tentia.
447 4150 593 4217 Quid
620 4153 760 4203 enim
793 4152 1038 4206 molestia:
1073 4152 1245 4204 homi·
1336 4171 1496 4221 quum
1514 4154 1577 4206 iis
1595 4174 1702 4206 non
1726 4167 1926 4207 tantum
1952 4154 2016 4208 ad
2042 4156 2155 4209 aliis
2178 4177 2369 4212 nocen-
