3143 5204
760 378 880 450 *36
1122 378 1565 448 VALERII
1631 379 2045 446 MAXIMI
2113 379 2303 447 LIB.
2373 380 2552 447 VII.

780 538 932 583 nam
975 514 1318 607 repentino
1365 513 1503 606 ejus
1545 511 1833 581 adventu
1884 509 2166 606 perculsi
2211 514 2432 600 Poeni,
2474 511 2753 581 libenter
2796 515 2899 582 in-

777 618 1221 691 columitatem
1263 640 1463 689 suam
1492 616 1700 688 salute
1751 618 2043 689 hostium
2090 617 2511 689 redemerunt
2528 673 2549 706 ,
2597 621 2901 715 pactique

777 742 964 814 sunt,
998 742 1077 795 ut
1114 724 1346 796 eodem
1392 740 1691 820 tempore
1729 724 1953 795 Africa
1997 723 2248 814 siculis,
2289 740 2357 794 et
2398 724 2613 795 Sicilia
2647 728 2902 822 punicis

778 835 976 903 armis
994 831 1398 902 liberaretur.
1422 834 1584 926 Age,
1612 831 1663 901 si
1693 833 2165 927 Syracusarum
2183 830 2201 855 ¹
2221 833 2462 901 moenia
2488 834 2657 902 tueri
2683 858 2902 929 perse·

776 954 1100 1027 vorasset,
1134 937 1246 1008 illa
1291 937 1444 1008 belli
1487 936 1678 1007 malis
1720 952 2150 1034 urgerentur,
2186 938 2361 1008 bona
2402 941 2582 1034 pacis
2625 939 2901 1010 fruenda

773 1072 1020 1116 securae
1063 1046 1450 1141 Carthagini
1485 1043 1868 1138 reliquisset.
1903 1047 2102 1115 Nunc
2136 1044 2480 1115 inferendo
2516 1071 2662 1140 quae
2698 1048 2900 1142 patie-

772 1153 1001 1239 batur,
1035 1152 1194 1221 dum
1225 1151 1471 1221 alienas
1500 1152 1722 1246 potius
1752 1150 2010 1221 lacessit
2040 1176 2230 1247 opes,
2253 1176 2450 1247 quam
2479 1178 2629 1223 suas
2657 1168 2904 1241 tuetur,

771 1284 904 1353 quo
941 1260 1226 1353 aequiore
1263 1260 1484 1328 animo
1518 1283 1799 1354 regnum
1837 1258 2161 1347 deseruit,
2191 1283 2271 1327 eo
2314 1260 2515 1329 tutius
2558 1263 2826 1356 recepit.

879 1418 943 1461 2.
1001 1391 1226 1481 Quid,
1278 1390 1610 1461 Hannibal
1672 1394 1983 1462 cannensi
2044 1389 2306 1487 praelio²
2325 1391 2355 1460 ἒ)
2408 1417 2630 1462 nonne
2693 1396 2902 1463 aciem

768 1513 1062 1567 nostram
1084 1500 1316 1593 ,prius
1356 1522 1554 1593 quam
1597 1498 1680 1566 ad
1722 1497 2172 1569 dimicandum
2216 1498 2680 1589 descenderet,
2721 1526 2901 1571 com-

766 1604 1068 1701 pluribus
1105 1606 1358 1674 astutiae
1394 1590 1813 1700 copulatam³
1846 1603 2131 1724 laqueis,
2167 1604 2252 1673 ad
2288 1621 2424 1674 tam
2463 1607 2901 1677 miserabilem

766 1711 1075 1807 perduxit
1105 1709 1406 1780 exitum?
1430 1713 1602 1779 Ante
1631 1712 1852 1779 omnia
1886 1714 2061 1780 enim
2099 1712 2423 1806 providit,
2457 1727 2531 1782 ut
2560 1728 2628 1785 et
2660 1713 2862 1783 solem
2881 1766 2899 1799 ,

764 1833 833 1886 et
873 1818 1214 1913 pulverem
1236 1872 1255 1905 ‚
1296 1818 1409 1911 qui
1449 1817 1539 1884 ibi
1581 1830 1780 1885 vento
1826 1816 2071 1886 multus
2111 1819 2381 1887 excitari
2418 1819 2619 1908 solet,
2656 1819 2901 1890 adver-

766 1949 913 1994 sum
933 1913 957 1956 ⁴
1000 1923 1315 2009 haberet3
1376 1921 1613 1991 deinde
1655 1938 1938 2019 partem
1990 1930 2341 2020 copim-um
2396 1951 2675 1996 suarum
2728 1933 2908 1998 inter

762 2037 981 2126 ipsum
1018 2032 1259 2127 ptoelc’z
1299 2045 1562 2124 tempus
1611 2030 1696 2098 de
1739 2028 2076 2099 industrza
2105 2031 2372 2125 ficgere
2418 2034 2654 2127 jussit.
2701 2058 2900 2128 quam

765 2163 987 2269 quum⁵
1005 2162 1045 2206 a
1084 2135 1338 2231 reliquo
1379 2136 1670 2206 exercitu
1724 2135 2076 2230 abruptam
2123 2135 2293 2232 legio
2335 2164 2610 2208 romana
2660 2165 2900 2235 seque-

762 2230 987 2313 retur⁵
991 2299 1011 2331 ‚
1052 2242 1512 2313 trucidandam
1551 2267 1697 2311 eam
1736 2242 1874 2310 ab
1858 2243 2175 2338 1is‚quos
2218 2246 2285 2312 in
2328 2246 2575 2316 insidiis
2617 2245 2899 2317 colloca-

761 2367 983 2439 verat,
1012 2352 1299 2437 curavit;
1339 2363 1678 2443 postremo
1713 2348 2230 2443 quadringentos
2272 2354 2522 2446 equites
2566 2355 2899 2423 suborna-

762 2460 901 2544 vit,
938 2458 1050 2551 qui
1092 2454 1393 2525 simulata
1435 2456 1822 2523 transitione
1866 2457 2197 2549 petierunt
2245 2458 2583 2528 consulem
2620 2486 2636 2527 :
2679 2485 2720 2529 a
2764 2487 2899 2556 quo

754 2565 918 2658 jussi
946 2586 1133 2632 more
1159 2560 1651 2655 transfugarum
1678 2561 1990 2656 depositis
2014 2564 2213 2632 armis
2233 2565 2301 2632 in
2328 2562 2629 2636 ultimam
2659 2593 2899 2664 pugnae

762 2685 1020 2768 partem
1066 2667 1408 2755 secedere,
1447 2666 1771 2737 destrictis
1811 2666 2078 2763 gladiis,
2115 2695 2281 2764 quos
2324 2672 2493 2741 inter
2537 2678 2795 2745 tunicas
2834 2691 2900 2745 et

760 2774 999 2846 loricas
1039 2773 1430 2844 abdiderant
1455 2827 1474 2862 ,
1511 2772 1793 2869 poplites
1828 2778 2268 2871 pugnantium
2305 2779 2762 2850 Romanorum
2792 2808 2897 2852 ce-

850 3015 895 3050 1.
936 2999 1071 3066 Age,
1099 2999 1144 3047 si
1162 2995 1524 3067 Syracusarum.
1552 2991 1788 3060 Quidam
1875 2993 2034 3048 codd.
2070 2996 2136 3066 Q.
2171 2998 2243 3049 H.
2281 3018 2323 3050 c.
2348 3018 2404 3066 p.
2437 3019 2590 3051 nonne
2616 3006 2903 3098 priusquam

764 3075 915 3130 MSS.
958 3076 1256 3146 Agathocles
1289 3094 1381 3145 age
1420 3073 1785 3143 Syracusarum.
1875 3074 1946 3124 ad
1958 3075 2278 3128 dimicandum
2296 3077 2420 3130 desc.
2438 3099 2511 3132 ac.
2525 3081 2699 3151 populi
2715 3087 2903 3135 ιυηιάιιι

764 3159 842 3209 Ac
880 3157 1119 3227 profecto
1156 3174 1250 3224 age
1287 3155 1376 3207 vix
1415 3153 1576 3207 hahet
1610 3153 1787 3205 locum
1873 3155 2042 3225 compl.
2054 3154 2313 3209 SedUltr.
2329 3159 2488 3229 prim.
2500 3158 2710 3214 etLeid.
2723 3177 2896 3233 quart.

762 3236 868 3289 nisi
896 3237 953 3288 in
992 3235 1359 3287 exhortatione
1383 3233 1468 3285 vel
1496 3233 1788 3304 interroga-
1873 3232 2072 3287 habent
2097 3234 2378 3290 lectionem
2408 3251 2595 3292 textus.

762 3315 926 3370 tione.
959 3314 1101 3367 Vide
1134 3328 1310 3367 tamen
1335 3311 1402 3365 ad
1430 3311 1533 3374 Vl,
1568 3330 1634 3377 a,
1671 3332 1760 3368 ιιι.
1956 3313 2008 3366 3.
2055 3314 2471 3385 Copulatam.1d
2513 3331 2620 3382 est,
2663 3321 2899 3375 vinctam

850 3393 1782 3464 2.Quid,Hannibal....aciemnostram‚
1872 3411 1965 3445 seu
1989 3395 2182 3464 copula
2203 3395 2441 3450 indutam
2457 3436 2473 3464 ,
2498 3411 2557 3450 ut
2590 3398 2898 3455 Gronovius

756 3481 1049 3549 priusquam.
1067 3472 1199 3526 cod.
1219 3471 1415 3525 Brand.
1441 3471 1580 3541 Quid
1590 3472 1787 3523 Harmi-
1871 3473 2112 3543 explicat.
2153 3476 2401 3530 vorstius
2441 3477 2601 3530 hahet
2637 3483 2896 3551 complica·

763 3557 849 3608 bat
870 3558 1095 3608 cannensi
1116 3553 1326 3625 proetio?
1351 3571 1505 3603 nonne
1526 3555 1676 3603 aciem
1697 3571 1787 3602 no·
1875 3564 1990 3606 tam.
2021 3585 2103 3596 -—-
2132 3556 2353 3608 Exitum.
2384 3561 2484 3610 An.
2517 3558 2587 3610 U.
2622 3558 2758 3630 537.
2780 3562 2897 3614 Liv.

762 3648 926 3689 stram.
939 3635 1128 3705 Copoe.
1143 3646 1196 3685 et
1211 3645 1313 3686 tres
1325 3630 1476 3684 Leid.
1496 3631 1635 3700 Quid
1640 3631 1785 3683 Han·
1872 3632 2261 3698 xx11;Front.
2288 3636 2375 3702 11,
2412 3656 2471 3702 ’.ις
2495 3637 2683 3691 Florus
2700 3680 2715 3705 ,
2739 3641 2898 3695 Silius

759 3717 898 3768 nibal
912 3733 1189 3768 cannensem
1207 3711 1379 3782 populi
1402 3714 1589 3762 romani
1606 3714 1785 3763 aciem:
1871 3712 2083 3767 Italicus
2107 3714 2319 3784 aliique.

758 3798 923 3867 magis
936 3809 1111 3849 tamen
1124 3791 1342 3845 Vorstio
1360 3790 1531 3861 placet
1541 3794 1784 3843 aciemno-
1956 3799 2006 3855 4.
2018 3792 2302 3847 Adversum.
2315 3796 2506 3867 Apulia
2520 3815 2711 3869 nempe
2723 3800 2898 3852 ventis

757 3889 933 3938 stram,
977 3872 1123 3946 quod
1155 3872 1220 3925 ad
1252 3873 1395 3923 hunc
1425 3868 1646 3923 modum
1672 3872 1782 3922 Va·
1869 3889 2007 3943 saepe
2038 3874 2339 3940 infestatur,
2361 3876 2650 3947 prasertim
2679 3879 2891 3950 Iapyge.

758 3956 921 4009 letius
936 3953 1113 4007 dicere
1133 3952 1294 4006 soleat
1309 3951 1419 4002 urbs
1438 3963 1621 4003 nostra.
1640 3949 1783 4003 Non·
1955 3955 2006 4005 5.
2038 3950 2336 4024 Sequeretur.
2365 3955 2598 4021 Quidam
2630 3962 2729 4008 ime
2703 3979 2896 4030 e·queoe

756 4035 891 4088 nulli
945 4032 1147 4086 addunt
1197 4032 1481 4104 speculatus.
1536 4029 1778 4099 Pighiani
1871 4044 1964 4085 tur.
1996 4029 2151 4085 Haud
2179 4035 2332 4087 male.
2363 4036 2448 4088 Sic
2477 4036 2693 4100 Flor.1,
2728 4057 2811 4091 ιο.
