3143 5204
773 456 919 536 2¹4

1584 454 2063 524 EPITOME

773 592 840 657 in
873 612 1251 681 praenomen
1280 586 1440 657 abiit
1461 586 1513 673 ¹,
1543 600 1612 655 et
1634 585 2216 655 volentibusnasci
2253 584 2471 654 liberis
2504 587 2889 680 parentibus

774 695 1124 763 indebatur
1140 748 1159 781 ‚
1188 719 1321 786 quo
1345 718 1499 762 usus
1524 707 1625 762 est
1650 691 1995 778 Publilius;
2022 691 2210 761 Philo
2238 694 2371 761 Lar
2392 694 2609 762 Lartis
2631 718 2888 787 praeno-

776 826 931 869 men
968 815 1099 888 est,
1141 813 1476 895 sumptum
1520 824 1557 868 a
1606 796 1902 868 laribus².
1948 802 2240 867 Tuscum
2291 813 2510 869 autem
2565 800 2892 870 creditum

769 1016 918 1081 pitius
956 1010 1236 1081 legendum
1277 1023 1354 1063 est
1385 1028 1448 1062 ex
1478 1009 1788 1062 auctoritate

676 1145 689 1156 .
780 1109 1101 1143 marmorum
1134 1090 1571 1161 capitolinorum,
1599 1089 1789 1161 quibus

778 1170 914 1223 nihil
945 1182 1023 1223 est
1051 1170 1353 1222 correctius.

865 1268 886 1302 1
902 1290 915 1303 .
940 1250 999 1301 V
991 1251 1119 1301 olet-0
1141 1255 1192 1301 in
1206 1268 1476 1320 pra-nomen
1498 1248 1635 1301 abiit.
1652 1248 1790 1313 Alii,

784 1330 963 1381 Volero
982 1340 1136 1380 autem
1156 1332 1204 1380 in
1219 1348 1491 1399 proenomen
1511 1328 1648 1390 abiit,
1668 1345 1790 1380 cum

782 1409 973 1461 causali
989 1409 1378 1478 conjunctione,
1394 1427 1511 1479 quae
1528 1406 1794 1479 superflua

782 1500 875 1541 cst.
889 1486 1094 1540 Deinde
1108 1489 1437 1559 sequebatur,
1453 1490 1585 1558 Quia
1597 1489 1797 1539 nolenti-

786 1568 870 1619 hus
896 1573 1031 1620 nasci
1050 1568 1208 1619 liberis
1223 1568 1500 1638 parentibus
1520 1567 1793 1620 videbatur.

786 1648 853 1699 V.
881 1666 927 1700 c.
958 1660 1005 1697 ec
1031 1648 1291 1701 nolentibus
1312 1650 1472 1713 nasci,
1499 1660 1599 1700 etc.
1624 1648 1797 1699 Locus

785 1726 897 1779 sine
923 1746 1078 1780 sensu
1096 1728 1324 1779 multum
1341 1728 1597 1781 obscurus
1618 1739 1717 1788 est,
1745 1738 1800 1780 et

783 1824 814 1859 e
839 1807 1205 1878 manuscriptis
1225 1805 1497 1860 codicibus
1512 1807 1649 1859 nihil
1668 1807 1800 1859 lucis

782 1886 1034 1939 hactenus
1082 1885 1431 1958 depromitur.
1484 1887 1571 1939 Fit
1623 1899 1798 1939 tamen

785 1965 1012 2019 duarum
1063 1967 1335 2019 literarum
1373 1967 1701 2027 mutatione,
1747 1978 1802 2018 et

784 2046 943 2098 unius
971 2046 1376 2116 transpositione
1408 2047 1579 2099 multo
1610 2045 1800 2099 diluci-

789 2123 951 2190 dior;
1003 2127 1047 2180 si
1074 2166 1090 2196 ,
1128 2138 1194 2179 ut
1226 2126 1476 2191 fecimus,
1521 2126 1802 2192 uidebatur,

784 2206 1047 2275 legamus,
1087 2225 1187 2276 pro
1216 2206 1504 2268 ‘aldebaram
1544 2219 1599 2260 et
1633 2207 1802 2258 volen-

790 2286 912 2337 tibus
940 2305 1041 2357 pro
1071 2287 1368 2349 nolentibus,·
1401 2286 1508 2339 ita:
1544 2286 1603 2338 V
1596 2286 1724 2338 olem
1753 2289 1805 2337 in

784 2384 1057 2434 proenomen
1095 2365 1245 2429 abiit,
1287 2378 1337 2417 et
1374 2366 1643 2418 volentibus
1673 2370 1808 2417 nasci

791 2445 950 2496 liberis
956 2446 1235 2516 parentibus
1249 2445 1514 2498 indebatur.
1529 2447 1666 2499 Nam
1678 2445 1809 2498 omi-

789 2524 872 2576 nis
895 2524 1150 2596 quiddam
1173 2525 1230 2578 in
1253 2545 1307 2579 se
1324 2526 1486 2579 habet
1499 2544 1808 2597 praeuomen

792 2604 963 2669 istud,
991 2606 1127 2659 sicut
1150 2607 1344 2668 Tullus,
1371 2608 1564 2671 Aulus,
1585 2606 1803 2667 Manius,

791 2696 844 2736 et
874 2686 993 2738 alia.
1026 2686 1153 2738 Mox
1191 2685 1356 2746 illud,
1396 2687 1600 2739 Publius
1629 2687 1806 2742 Philo.

796 2766 1112 2818 mutavimus
1151 2765 1209 2818 in
1248 2765 1489 2817 Publilius
1520 2766 1693 2829 Plu‘lo,
1741 2764 1808 2818 ad

794 2844 1142 2898 imitationem
1162 2844 1569 2915 capitolinorum
1588 2863 1813 2898 marmo-

792 2942 945 2990 rum,
972 2924 1030 2976 in
1058 2924 1254 2995 quibus
1285 2923 1458 2977 adhuc
1484 2938 1652 2979 exstat
1675 2928 1812 2979 inter

793 3003 1036 3057 tribunos
1075 3004 1339 3057 consulari
1380 3017 1668 3074 potestate,
1716 3006 1811 3077 qui

792 3083 1011 3136 fuerunt
1034 3102 1081 3136 a.
1104 3085 1176 3136 U.
1204 3084 1490 3137 CCCLIV.
1515 3086 1677 3137 Pron.
1708 3085 1766 3135 V
1758 3105 1813 3137 o·

701 3209 708 3218 ,
796 3163 896 3212 lero
926 3168 976 3214 in
997 3182 1272 3233 praenomen
1297 3163 1443 3224 abiit,
1479 3177 1527 3214 et
1544 3164 1815 3217 volentibus

796 3246 930 3293 nasci
942 3280 958 3305 ,
989 3243 1171 3304 liberis,
1206 3244 1482 3313 pat-entibus
1508 3245 1812 3298 videbuntur.

798 3321 957 3374 Forte
985 3321 1087 3393 leg.
1125 3324 1255 3392 Quia
1283 3325 1497 3375 volentes
1526 3329 1660 3376 nasci
1680 3325 1819 3377 liberi

790 3396 1070 3471 [mr-entibus
1085 3402 1402 3465 videbantur,·
1426 3404 1511 3458 vel
1530 3405 1817 3457 volentibus.

799 3482 940 3534 Nota
980 3494 1154 3535 autem
1192 3483 1466 3538 manifeste
1507 3484 1654 3537 hunc
1691 3483 1812 3537 cod.

798 3562 993 3614 habere
1009 3563 1276 3614 volentibus
1288 3601 1304 3625 ,
1330 3577 1385 3616 et
1402 3563 1651 3617 videntur
1671 3582 1819 3635 aque

802 3643 1061 3693 Volerones
1095 3642 1331 3714 potuisse
1367 3642 1473 3697 dici
1488 3680 1503 3701 ‚
1537 3645 1632 3714 qui
1655 3646 1820 3696 volen-

811 3722 933 3773 tibus
956 3722 1230 3792 parentibus
1251 3723 1566 3776 nascebantur
1581 3761 1594 3782 ,
1629 3742 1688 3776 ac
1705 3724 1818 3776 Ser-

801 3813 927 3853 tores
949 3803 1044 3872 qui
1072 3807 1427 3879 per-sationem
1453 3804 1817 3857 nascebantur.

801 3881 986 3934 Malim
1003 3896 1177 3935 tamen
1192 3884 1423 3946 volentes;
1436 3896 1612 3956 posset
1627 3896 1679 3936 et
1691 3884 1818 3954 legi:

805 3961 958 4029 Quod
974 3962 1244 4014 ‘volentibus
1264 3968 1396 4015 nasci
1419 3963 1577 4015 liberis
1594 3984 1625 4014 a
1641 3984 1820 4034 paren·

804 4039 925 4092 tibus
956 4042 1219 4094 uidebatur.
1254 4044 1512 4096 anzou.
1555 4045 1705 4113 Quod
1731 4065 1820 4095 vo-

805 4119 1019 4174 lentibus.
1042 4121 1202 4174 Paris.
1226 4124 1381 4193 prim.

1961 1028 2010 1062 2.
2025 1010 2187 1061 Lartis
2203 1027 2475 1079 praenomen
2488 1020 2585 1071 est,
2606 1021 2840 1080 sumptum
2858 1031 2894 1062 a

1877 1089 2073 1141 laribus.
2098 1090 2269 1142 Locus
2286 1088 2375 1141 hic
2390 1087 2692 1159 prodigiose
2704 1107 2892 1142 corru-

1874 1181 1996 1241 ptus
2014 1182 2153 1234 erat,
2171 1180 2224 1221 et
2234 1167 2392 1222 variis
2415 1168 2710 1231 erroribus,
2732 1188 2896 1240 quem

1877 1249 2051 1302 obiter
2075 1249 2236 1302 etiam
2264 1248 2404 1300 libro
2428 1248 2712 1300 Annalium
2736 1250 2897 1301 tertio

1876 1329 2205 1381 correximus
2217 1328 2274 1379 in
2287 1328 2561 1381 consulatu
2577 1329 2750 1380 Lartis
2766 1328 2900 1380 Her·

1878 1408 2049 1461 minii.
2081 1409 2238 1461 Nunc
2265 1426 2392 1459 vero
2423 1406 2667 1460 eumdem
2694 1406 2764 1461 ad
2791 1427 2901 1460 ma-

1880 1488 2277 1558 nuscriptorum
2299 1487 2559 1540 librorum
2579 1506 2797 1540 examen
2817 1506 2901 1540 re·

1880 1586 2068 1620 vocare
2088 1587 2195 1619 non
2212 1567 2567 1638 incongruum
2582 1565 2813 1621 videtur.
2834 1567 2900 1619 In

1881 1647 2162 1718 Campensi
2176 1647 2387 1718 legitur,
2398 1648 2603 1698 Lalereis
2609 1665 2899 1717 praenomen,

1882 1728 1938 1780 in
1976 1727 2116 1795 alio,
2144 1728 2376 1780 Lucet-tis.
2416 1725 2521 1779 Sed
2549 1726 2759 1793 malim,
2800 1727 2906 1778 Lar

1882 1809 2078 1869 Lartis,·
2116 1805 2181 1859 ad
2226 1805 2582 1859 differentiam
2623 1807 2727 1858 Lar
2765 1807 2903 1859 laris.

1884 1886 1992 1939 Has
2008 1886 2151 1939 enim
2167 1884 2297 1938 duas
2311 1904 2464 1940 voces
2480 1886 2551 1939 ita
2566 1885 2904 1957 distinguunt

1885 1979 2085 2019 veteres
2111 1967 2434 2036 grammatici
2455 1967 2780 2030 Priscianus,
2804 1965 2905 2018 So·

1886 2047 2110 2118 sipater,
2141 2059 2195 2099 et
2219 2046 2341 2111 alii;
2368 2058 2429 2098 ut
2454 2047 2580 2104 Lar,
2610 2045 2655 2098 si
2680 2046 2907 2098 familia·

1887 2145 1999 2178 rem
2051 2125 2212 2179 deum
2252 2125 2537 2197 significet,
2579 2125 2903 2197 genitivum,

1888 2208 2058 2269 Laris,
2084 2206 2238 2259 faciat
2263 2224 2278 2259 :
2304 2206 2348 2258 si
2364 2224 2668 2277 praenomen
2684 2243 2700 2268 ,
2720 2218 2783 2258 ut
2809 2206 2908 2257 To-

1891 2287 2082 2347 lumm'i,
2111 2286 2196 2338 vel
2221 2286 2504 2349 Porsennoe,
2535 2286 2628 2356 qui
2650 2285 2904 2337 Etrusco·

1890 2385 2011 2418 rum
2054 2385 2202 2436 reges
2245 2366 2459 2418 fuerunt
2480 2392 2497 2430 5
2542 2365 2696 2418 faciat
2725 2367 2906 2417 Lat-tas.

1889 2447 1921 2497 J
1925 2466 2008 2498 am
2022 2464 2140 2518 quae
2152 2446 2679 2516 sequebantur,erant
2692 2463 2911 2514 prorsus

1894 2528 1958 2579 ab
1986 2526 2244 2597 imperitis
2267 2525 2502 2579 historiae
2527 2524 2758 2578 librariis
2782 2542 2910 2577 con-

1893 2608 2007 2660 fusa
2029 2620 2082 2660 et
2110 2607 2246 2659 male
2276 2604 2552 2671 distincta,
2580 2606 2674 2676 qui
2697 2624 2762 2658 ex
2782 2624 2884 2678 gen

1895 2687 2055 2739 tilitio
2083 2688 2329 2750 nomine,
2363 2688 2667 2746 Herminius,
2700 2684 2914 2739 inaudi-

1895 2779 2008 2818 tum
2031 2784 2361 2837 praenomen‚
2391 2768 2691 2826 Heriminus,
2712 2765 2914 2835 fingere

1895 2833 2195 2898 voluerunt.
2223 2844 2366 2910 Quid
2398 2846 2541 2898 enim
2571 2845 2711 2898 succi
2738 2845 2915 2897 trahes

1897 2944 1962 2978 ex
1977 2926 2072 2980 ista
2088 2926 2314 2978 lectione
2327 2923 2568 2996 vulgata?
2586 2925 2791 2976 Tuscum
2802 2936 2918 2976 unte

1897 3006 2126 3057 creditum
2154 3025 2251 3056 esse
2268 3007 2466 3076 fuitque
2494 3006 2776 3057 consular-as.
2809 3005 2917 3056 He·

1899 3088 2094 3136 riminus
2123 3097 2195 3135 est
2225 3104 2500 3155 praenomen
2537 3087 2651 3138 Tito
2683 3084 2740 3135 V
2734 3087 2919 3154 irgism

1903 3165 2068 3217 Casto.
2084 3165 2152 3216 Et
2161 3166 2507 3237 manuscripti
2519 3165 2644 3217 libri
2657 3164 2793 3217 nihil
2807 3165 2917 3217 fem

1900 3242 2029 3296 dant
2052 3245 2182 3297 lucis
2196 3284 2212 3310 ,
2232 3244 2335 3297 nisi
2357 3244 2502 3316 quod
2520 3245 2579 3297 in
2600 3243 2917 3316 quibusdam

1899 3324 2102 3395 legatur
2142 3337 2296 3376 autem
2335 3344 2437 3396 pro
2478 3338 2589 3377 ante
2605 3344 2627 3386 ,·
2660 3323 2914 3396 quodque

1902 3403 2266 3456 distinctiones
2283 3404 2385 3457 illae
2400 3405 2623 3475 vulgatae
2636 3404 2744 3456 sint
2763 3404 2920 3456 omis·

1902 3501 1987 3538 sae.
2012 3485 2275 3537 Ceterum
2292 3481 2579 3537 studiosius
2596 3483 2922 3537 animadver-

1904 3565 2036 3617 tenti
2073 3565 2243 3635 palam
2279 3565 2401 3630 flet,
2438 3563 2568 3616 duas
2603 3582 2759 3616 voces
2798 3564 2921 3616 istas

1904 3639 2010 3704 (est
2058 3640 2361 3714 proenomen)
2420 3645 2760 3716 transpositas
2812 3661 2921 3696 esse

1905 3742 2182 3796 perperam
2229 3722 2294 3776 ad
2326 3725 2657 3786 Herminium,
2700 3723 2781 3776 uti
2819 3723 2921 3776 hoc

1905 3822 2210 3874 praenomen
2236 3803 2413 3869 δαεὶς
2444 3816 2498 3856 et
2525 3803 2713 3857 eodem
2741 3821 2922 3856 errore

1906 3883 2061 3936 simul
2075 3884 2176 3937 alia
2194 3882 2434 3954 quedam
2447 3902 2557 3937 esse
2570 3884 2769 3937 vitiata.
2788 3883 2920 3936 Nam

1908 3964 1954 4015 si
1982 3963 2114 4016 duas
2141 3983 2294 4017 voces
2322 3957 2436 4017 illas
2460 3965 2833 4017 transferamus
2854 3963 2923 4015 al·

1911 4045 2040 4107 tius,
2071 4055 2124 4096 et
2148 4044 2422 4096 consulum
2452 4045 2669 4097 nomina
2689 4045 2919 4113 con-iga·

1909 4143 2025 4175 mus
2063 4142 2125 4175 ex
2162 4124 2413 4177 fastorum
2457 4122 2591 4191 fide,
2631 4125 2923 4193 meliusque
