3143 5204
774 385 871 471 34
1112 384 1558 453 VALERII
1614 382 2027 451 MAlel
2084 382 2271 451 LlB.
2338 384 2519 450 VII.

770 520 1058 589 Lucanis
1101 514 1504 600 Hannibale,
1543 515 1957 609 praesentiam
2000 538 2185 585 suam
2207 567 2228 602 ,
2257 516 2567 609 quoniam
2605 517 2696 585 ita
2731 520 2899 587 ratio

770 624 924 694 belli
947 623 1391 709 desiderabat,
1422 623 1739 693 mentitus
1761 620 2027 709 ¹hosti,
2054 621 2140 691 ad
2161 647 2356 717 opem
2386 621 2654 717 collegae
2686 624 2899 693 feren-

768 732 923 801 dam
957 755 1077 826 per
1111 729 1384 822 longum
1414 729 1538 797 iter
1573 727 1906 798 celeritate
1933 729 2098 799 mira
2135 729 2428 798 tetendit.
2465 728 2849 799 Salinator
2831 756 2900 800 ιιι

769 838 1050 907 Umbria
1072 825 1682 930 apudMetaurum²
1707 835 1954 903 flumen
1981 836 2282 929 proximo
2300 835 2405 905 die
2431 835 2863 908 dimicaturus
2880 893 2902 925 ,

771 968 1029 1014 summa
1051 967 1204 1011 cum
1234 940 1752 1011 dissimulatione
1779 943 2118 1012 Neronem
2145 944 2376 1012 castris
2399 957 2604 1012 noctu
2630 945 2898 1038 recepit.

779 1050 1110 1123 Tribunos
1149 1049 1324 1117 enim
1355 1071 1404 1117 a
1445 1046 1729 1117 tribunis
1746 1099 1769 1133 ,
1811 1052 2234 1119 centuriones
2272 1072 2323 1118 a
2356 1049 2859 1119 centurionibus
2874 1104 2896 1136 ,

769 1164 1028 1252 equites
1059 1155 1153 1225 ab
1177 1153 1509 1248 equitibus
1522 1206 1545 1240 ,
1573 1154 1842 1249 pedites
1863 1179 1913 1224 a
1924 1154 2274 1250 peditibus
2303 1160 2534 1251 excipi
2550 1156 2745 1250 jussit
2775 1182 2792 1225 :
2826 1181 2904 1228 ac
2999 1186 3016 1200 ·

772 1266 911 1333 sine
929 1261 1062 1331 ulla
1080 1260 1623 1349 tumultuatione,
1643 1259 1795 1333 solo
1813 1263 1923 1331 vix
1947 1287 2158 1333 unum
2182 1263 2540 1332 exercitum
2564 1265 2905 1357 capiente,

774 1368 1053 1438 alterum
1090 1369 1397 1455 inseruit;
1442 1393 1577 1462 quo
1620 1370 1878 1455 evenit,
1920 1393 2004 1438 ne
2040 1367 2414 1439 Hasdrubal
2450 1392 2603 1438 cum
2644 1370 2907 1439 duobus

772 1501 842 1546 se
886 1474 1266 1547 consulibus
1302 1472 1748 1570 praeliaturum
1787 1476 1972 1569 prius
2014 1477 2246 1562 sciret,
2282 1500 2477 1570 quam
2520 1461 2907 1570 utriusque³

774 1584 1018 1651 virtute
1049 1595 1612 1677 prosterneretur:
1650 1583 1741 1653 ita
1777 1580 1886 1649 illa
1919 1596 2062 1652 toto
2093 1596 2419 1651 terrarum
2453 1582 2616 1652 orbe
2646 1583 2911 1652 infamis

776 1691 1017 1784 punica
1060 1686 1416 1775 calliditas,
1454 1712 1726 1761 romana
1774 1676 1996 1759 elusa⁴
2035 1689 2424 1784 prudentia,
2468 1687 2909 1758 Hannibalem

774 1797 1065 1877 Neroni,
1110 1792 1598 1863 Hasdrubalem
1645 1792 1997 1863 Salinatori
2034 1795 2495 1926 decipiendum
2537 1794 2824 1864 tradidit.

888 1899 951 1971 5.
992 1899 1445 1969 Memorabilis
1485 1902 1683 1969 etiam
1728 1900 1979 1971 consilii
2015 1903 2099 1990 Q.
2140 1888 2483 1971 Metellus⁵
2504 1956 2522 1989 ,
2550 1903 2666 1996 qui
2703 1926 2914 1996 quum

778 2006 1170 2104 proconsule
1212 2006 1459 2076 bellum
1501 2009 1570 2075 in
1616 2008 1933 2138 Hispania
1966 2008 2284 2078 advers-us
2320 2007 2685 2078 Celtiberos
2726 2033 2913 2103 gere·

778 2130 928 2199 ret,
969 2114 1333 2208 urbemque
1390 2099 1866 2185 Contrebiam⁶
1869 2169 1890 2202 ,
1941 2129 2141 2209 caput
2182 2115 2324 2208 ejus
2367 2116 2619 2209 genua,
2659 2115 2915 2184 viribus

868 2336 915 2370 1.
952 2318 1199 2370 Mentitus.
1232 2316 1415 2383 Quum
1443 2316 1625 2386 legatis
1653 2335 1803 2368 man-

780 2396 959 2461 daret,
981 2396 1188 2449 easdem
1214 2414 1365 2467 agere
1390 2395 1639 2447 stationes
1662 2409 1713 2447 et
1732 2395 1807 2447 vi·

1892 2317 2020 2369 ditas
2044 2316 2246 2381 effecit,
2275 2330 2335 2370 nt
2360 2315 2626 2371 Hannibal
2648 2335 2680 2370 a
2703 2316 2918 2371 Nerone

1892 2394 2245 2468 deciperetur.
2263 2396 2508 2449 Nostram
2527 2396 2808 2449 lectionem
2827 2397 2922 2449 fal-

781 2478 931 2549 gilias
958 2478 1014 2528 in
1044 2476 1250 2541 casu-is,
1275 2472 1632 2545 totidemque,
1659 2473 1810 2545 quod

785 2570 936 2610 antea
953 2595 968 2621 ,
999 2556 1143 2627 ignes
1170 2552 1484 2618 accendere,
1515 2567 1579 2607 ut
1602 2553 1810 2626 decipe·

785 2650 866 2689 ret
892 2636 1209 2688 Annibalem
1233 2646 1287 2686 et
1309 2634 1519 2704 collega
1540 2635 1809 2706 suppetiae

786 2718 923 2769 ferre
940 2729 1114 2787 posset
1135 2715 1190 2767 in
1207 2712 1596 2784 prosternendo
1610 2713 1809 2766 Asdru-

785 2797 903 2850 bale
921 2833 938 2859 ‚
986 2795 1319 2866 prasentiam
1365 2812 1514 2848 suam
1557 2794 1811 2847 mentitus

788 2889 883 2929 est.
928 2874 1099 2927 Simili
1144 2875 1361 2928 invento
1398 2871 1592 2926 callido
1631 2875 1810 2945 plures

789 2956 873 3009 usi
898 2967 1049 3017 sunt,
1083 2974 1132 3008 ν.
1158 2972 1205 3007 c.
1233 2955 1512 3006 Eumenes.

875 3055 927 3088 a.
964 3034 1253 3088 Metam.
1294 3034 1568 3086 Metaurus
1613 3031 1812 3086 flumen

787 3135 853 3168 ex
893 3114 1119 3167 Umbria
1159 3111 1347 3166 defluit
1384 3113 1441 3165 in
1482 3111 1812 3166 Adriaticum

790 3196 984 3248 sinum.
1030 3195 1154 3246 Non
1196 3193 1347 3264 prius
1391 3191 1658 3245 Hannibal
1693 3212 1812 3246 sen·

792 3276 886 3339 sit,
922 3274 1190 3326 Neronem
1229 3271 1522 3326 discessisse
1552 3272 1620 3325 ad
1658 3292 1814 3344 opem

790 3355 1001 3425 collegae
1016 3352 1282 3406 ferendam
1294 3390 1310 3418 ‚
1320 3370 1480 3423 quam
1496 3352 1642 3405 Nero
1659 3365 1817 3425 caput

792 3432 1137 3487 Hasdrubalis
1160 3431 1216 3484 in
1239 3432 1413 3484 fratris
1435 3444 1602 3485 castra
1624 3433 1816 3503 conjici

795 3514 959 3567 'ussit.

787 3534 806 3585 J
875 3595 929 3646 3.
977 3593 1234 3664 Utriusque
1271 3594 1470 3644 virtute.
1510 3591 1590 3643 Ita
1617 3592 1818 3644 habent

792 3673 1010 3746 plurimi
1040 3683 1094 3725 et
1131 3671 1322 3742 optimi
1353 3668 1510 3724 codd.
1541 3670 1756 3741 Pighius
1787 3690 1817 3723 e

795 3753 998 3806 Susian.
1021 3752 1247 3807 Winoh.
1275 3764 1331 3804 et
1353 3753 1469 3804 Col.
1493 3748 1733 3803 ediderat
1756 3751 1817 3802 ab

794 3838 1002 3905 utrisque
1024 3843 1424 3903 prosterneretur,
1451 3831 1619 3895 male3
1650 3849 1816 3902 quum

792 3914 856 3964 ab
883 3927 1079 3984 utroque
1108 3910 1393 3966 dicendum
1422 3911 1514 3974 sit,
1537 3911 1580 3963 si
1602 3909 1671 3963 de
1687 3909 1818 3963 duo·

794 3995 893 4045 hus
926 4006 1129 4048 tantum
1151 3992 1453 4048 oonsulibus
1476 3991 1665 4059 agitur.

878 4080 932 4136 4.
964 4074 1138 4126 Elusa.
1172 4073 1329 4125 Elusa
1360 4073 1645 4124 Poenorum
1678 4072 1816 4122 calli·

1893 2493 2005 2527 sam
2022 2488 2075 2527 et
2099 2494 2337 2530 mancam
2365 2495 2474 2529 esse
2503 2489 2654 2547 putat
2681 2476 2919 2548 Pighius,

1893 2573 2063 2627 exque
2083 2554 2239 2609 codd.
2261 2556 2379 2610 Sus.
2402 2569 2455 2609 et
2477 2556 2640 2609 Palm.
2664 2556 2735 2609 ita
2763 2557 2920 2611 resti-

1896 2637 1999 2688 tuit
2019 2672 2035 2698 ‚
2062 2640 2241 2706 punica
2263 2637 2507 2688 calliditas
2516 2639 2763 2703 frustata
2779 2639 2918 2704 ficit,-

1895 2733 2095 2767 mmm
2103 2716 2751 2786 prudentiaHannibalem...
2763 2736 2784 2779 ,·
2797 2715 2894 2770 sed
2904 2759 2921 2784 ,

1895 2809 2146 2848 monente
2160 2796 2380 2848 Vorstio
2390 2834 2406 2861 ,
2419 2796 2556 2849 nihil
2571 2796 2732 2849 habet
2742 2799 2921 2850 manci

1898 2888 1989 2927 aut
2019 2875 2164 2940 falsi3
2196 2873 2360 2928 modo
2397 2889 2541 2929 recte
2577 2876 2920 2947 intellig-mr.

1899 2955 2021 3007 Νοιι
2034 2953 2391 3026 dieitpum‘eam
2402 2956 2713 3008 vamtatem
2724 2959 2924 3009 Hanni-

1898 3034 2051 3085 balem
2082 3035 2268 3087 Neroni
2283 3035 2606 3106 decipiendm
2637 3037 2922 3100 trumuine,-

1898 3112 1996 3167 aed
2022 3118 2249 3184 punicam
2290 3116 2604 3168 calliditatem
2622 3155 2636 3178 ,
2663 3118 2925 3187 prudentia

1881 3213 2097 3245 -mmana
2111 3195 2306 3255 elusam,
2319 3196 2652 3248 *Hannibalem
2664 3197 2733 3249 Ν.
2744 3197 2797 3249 εἰ.
2819 3209 2925 3248 tra-

1898 3273 2093 3326 didisse.
2126 3272 2399 3328 calliditas
2427 3277 2591 3337 ehi-ta,
2636 3275 2692 3328 id
2739 3289 2847 3340 est,
2880 3277 2923 3328 si

1898 3352 2176 3416 eludatur,
2201 3366 2376 3425 potest
2398 3356 2628 3427 aliquem
2654 3356 2810 3409 alicui
2835 3355 2928 3409 do

1899 3431 2206 3504 cipiendum
2230 3434 2454 3487 tradere.

1985 3514 2036 3566 5.
2078 3513 2320 3567 Metellus.
2352 3518 2454 3567 An.
2493 3516 2565 3567 U.
2608 3518 2742 3568 611.
2778 3515 2924 3569 Flor.

1899 3593 1988 3657 11,
2024 3611 2120 3663 ¹7³
2165 3593 2346 3647 Front.
2379 3595 2437 3659 1,
2486 3614 2546 3656 ι,
2594 3595 2765 3648 simile
2792 3595 2927 3666 qnid

1901 3670 1971 3724 de
1997 3674 2196 3726 Metello
2220 3675 2317 3725 Pio
2341 3687 2534 3728 narrat.
2567 3674 2747 3728 Anni.
2779 3675 2924 3729 vict.

1984 3836 2036 3886 6.
2053 3833 2378 3887 Combibit.
2399 3833 2556 3887 «Hoc
2573 3834 2732 3886 etiam
2750 3835 2928 3887 Trebia

1902 3925 1956 3964 et
1991 3914 2190 3965 Trebula
2221 3911 2358 3967 dicta
2384 3925 2494 3977 est,
2526 3913 2618 3967 ubi
2661 3913 2926 3967 Hanniba!

1903 3992 2012 4045 acie
2036 3992 2234 4046 devicit
2249 3995 2567 4047 Romanos.·
2593 3994 2682 4047 Sic
2706 3989 2928 4047 colu-m

1903 4091 1932 4123 e
1968 4072 2169 4126 Servio.
2211 4072 2314 4126 Sed
2360 4073 2464 4127 hoc
2509 4076 2628 4127 loco
2661 4075 2788 4128 urbe
2827 4073 2926 4126 ffi-
