3143 5204
605 497 820 565 CAP.
879 499 992 584 11,
1046 497 1182 566 DE
1239 500 2017 595 CRUDELITATE.
2234 508 2370 594 1.l03

245 629 500 722 reginas
556 655 747 715 suas,
800 630 1148 701 mulierum
1198 635 1588 728 corporibus
1628 635 1809 706 velut
1849 639 2161 733 gradibus
2206 668 2371 711 con-

244 737 548 823 structis,
600 763 734 831 quo
781 737 1043 809 mollius
1087 742 1363 835 vestigia
1413 742 1657 836 pedum
1710 761 2075 838 ponerent,
2135 773 2372 818 currus

241 843 688 913 conscendere
713 871 903 939 oequo
927 848 1148 916 animo
1179 849 1611 919 sustinebant.
1637 853 1818 921 Viris
1844 855 2017 922 enim
2034 908 2053 942 ‚
2088 855 2138 923 si
2172 856 2370 925 modo

241 949 360 1016 viri
391 966 621 1039 erant,
657 953 789 1021 vita
826 976 1052 1022 carere
1073 1007 1092 1039 ‚
1122 978 1321 1048 quam
1350 970 1488 1024 tam
1514 956 1797 1028 delicato
1825 961 2102 1055 imperio
2123 962 2372 1031 obtem-

238 1080 469 1147 perare
502 1059 703 1127 satius
738 1058 884 1127 fuit.

980 1291 1425 1380 CAPUT
1501 1296 1621 1381 II.

807 1516 906 1578 De
939 1515 1311 1581 crudelitate
1346 1520 1400 1582 R
1405 1542 1792 1586 omanorum.

241 1719 274 1747 ι.
303 1705 336 1747 1.
379 1705 589 1749 Cornelii
619 1705 758 1751 Sullae
786 1708 956 1752 Dictat.
979 1734 1040 1742 —
1065 1723 1109 1753 2.
1133 1711 1186 1755 C.
1217 1711 1353 1756 Marii
1375 1726 1472 1757 eos.
1501 1729 1541 1772 7.
1565 1739 1628 1747 —
1665 1714 1707 1759 3.
1734 1717 1782 1760 1..
1807 1718 1917 1762 Iulii
1949 1720 2215 1783 Damasippi
2241 1735 2366 1784 ιιι-εει.

1009 1814 1063 1821 -
1089 1794 1131 1841 4.
1159 1790 1358 1835 Munatii
1381 1790 1547 1837 Flacci.

805 1956 898 2019 De
933 1958 1304 2022 crudelitate
1335 1961 1397 2023 E
1397 1974 1789 2028 xtemorum.

240 2163 274 2192 ι.
300 2148 766 2209 Carthaginiensium.
798 2175 858 2185 —
882 2165 927 2196 2.
951 2153 1224 2198 Bannibalis
1242 2155 1380 2215 poeni.
1401 2180 1461 2191 —
1483 2156 1526 2202 3.
1549 2158 1835 2205 Mithridatis
1859 2163 1998 2223 regis.
2024 2191 2082 2198 —
2112 2174 2155 2219 4.
2184 2170 2361 2215 Numn-

291 2228 492 2273 lizinthis
515 2228 722 2275 Thraciae
744 2230 880 2291 regis.
902 2256 957 2264 —
991 2231 1036 2277 5.
1061 2232 1296 2279 Ptolemaei
1317 2234 1570 2293 Physconis
1594 2238 1731 2298 regis.
1752 2265 1815 2274 —
1838 2240 1883 2285 6.
1908 2243 2038 2288 Darii
2059 2245 2176 2290 Ochi
2203 2249 2360 2293 Persa-

289 2324 387 2352 rum
407 2310 546 2369 regis.
574 2334 632 2343 -—-
663 2325 708 2367 7.
735 2311 1000 2356 Artaxerxis
1026 2312 1146 2358 Ochi
1165 2313 1306 2375 regis.
1330 2340 1390 2348 —
1417 2314 1462 2360 8.
1489 2315 1856 2366 Atheniensium.
1876 2347 1936 2354 —
1956 2337 2001 2383 9.
2034 2325 2187 2369 Perilli
2216 2327 2361 2372 siculi.

290 2412 344 2420 -
375 2404 444 2433 ιο.
475 2390 827 2435 fletu-uscomm.
853 2416 915 2425 -
942 2405 1013 2437 ιι.
1042 2392 1363 2448 Quorumdam
1381 2394 1704 2442 barbarorum.

566 2569 672 2622 DE
716 2569 1344 2626 CRUDELITATE
1384 2567 2009 2635 ROMANORUM.

329 2750 486 2816 Haec
517 2749 794 2816 societas
817 2748 832 2771 ¹
869 2751 1179 2818 vitiorum
1219 2750 1439 2821 lascivi
1479 2755 1737 2843 vultus,
1780 2774 1846 2828 et
1883 2786 2072 2830 novae
2104 2768 2355 2861 cupidi-

227 2854 336 2920 tati
382 2854 842 2923 inhaerentiuin
881 2855 1271 2942 oculorum,
1316 2883 1393 2929 ac
1436 2859 1721 2933 delicato
1763 2866 1944 2936 cultu
1987 2869 2358 2952 affluentis,

223 2984 469 3054 perque
499 2963 716 3030 varios
743 2960 1201 3032 illecebrarum
1231 2981 1451 3035 motus
1483 2968 1819 3041 volitantis
1854 2979 2093 3062 animi3
2122 2983 2353 3050 crude—

223 3063 414 3135 litatis
446 3092 611 3136 vero
647 3068 957 3138 horridus
992 3070 1292 3157 habitus,
1329 3073 1707 3146 truculenta
1742 3084 1992 3174 species
2010 3081 2053 3171 ²,
2085 3087 2352 3158 violenti

221 3175 522 3267 spiritus,
568 3200 695 3244 vox
737 3175 1087 3263 terribilis,
1137 3181 1361 3248 omnia
1398 3183 1594 3252 minis
1633 3200 1699 3253 et
1736 3193 2027 3264 (tuentis
2064 3193 2353 3288 imperiis

219 3280 457 3349 referta
487 3307 501 3348 :
548 3283 656 3350 cui
694 3282 1023 3352 silentium
1068 3284 1353 3373 donare,
1390 3289 1875 3363 incrementum
1914 3311 2016 3365 est
2049 3299 2349 3394 adjicere.

215 3387 476 3455 Etenim
516 3411 713 3481 quem
750 3389 1019 3458 modum
1062 3391 1182 3460 sibi
1228 3394 1369 3486 ipsa
1407 3408 1687 3483 statuet,
1726 3401 1777 3467 si
1817 3426 1901 3469 ne
1928 3405 2355 3499 sugillationis

213 3598 580 3650 —Mulierwm
601 3597 854 3651 Mulieres
872 3600 983 3651 istae
1005 3604 1233 3669 κλιμακῖ-
1322 3601 1527 3657 delitas.
1561 3606 1750 3660 Virtus
1775 3611 1916 3663 inter
1946 3611 2099 3668 devia
2129 3616 2196 3670 ad
2220 3617 2348 3672 dex·

213 3670 292 3736 δες
323 3675 499 3730 dicta.
530 3675 657 3730 vid.
688 3678 1028 3744 Athenaeum,
1052 3680 1123 3729 V.
1323 3695 1458 3735 tram
1485 3684 1816 3741 sinistramve
1839 3692 1923 3744 via
1942 3693 2116 3750 media
2133 3697 2349 3773 incedit,

296 3776 344 3810 1.
366 3758 493 3808 Haec
503 3763 719 3811 societas.
742 3758 867 3811 Hoc
885 3777 1051 3829 usque
1070 3759 1135 3812 ad
1151 3781 1236 3811 vo·
1321 3781 1439 3833 qnae
1461 3778 1538 3817 est
1566 3767 1773 3836 placida
1800 3770 2100 3827 humanitas
2117 3795 2240 3831 cum
2264 3800 2343 3834 se-

213 3836 392 3888 litantis
424 3840 576 3889 animi
599 3838 652 3889 in
686 3838 839 3891 MSS.
871 3852 924 3892 et
954 3837 1075 3891 edd.
1104 3841 1235 3893 anti·
1322 3862 1444 3896 vera
1465 3846 1719 3916 sapientia
1737 3851 1942 3903 sororio
1964 3854 2178 3908 vinculo
2196 3877 2345 3915 nexa.

212 3914 323 3984 quis
337 3917 502 3988 capiti
522 3916 839 3986 praecedenti
860 3932 1230 3973 annectuntur.
1322 3956 1399 3964 —
1437 3925 1719 3996 Afflueueis.
1760 3929 1881 3982 Non
1917 3934 2181 4003 affluente;
2223 3959 2343 3995 nam

213 4027 284 4036 —
308 3998 588 4049 Oculorum.
609 3998 772 4050 Nimii
793 3999 1106 4070 plerumque
1125 4001 1234 4052 cul·
1321 4022 1431 4055 non
1460 4007 1666 4071 cultus,
1701 4007 1793 4060 sed
1833 4012 2036 4066 animus
2071 4034 2133 4069 ex
2170 4036 2345 4077 mente

213 4087 290 4126 tus
322 4090 376 4129 et
404 4077 691 4130 affluentiae
722 4079 913 4131 vitium
947 4093 1025 4132 est
1062 4079 1230 4132 libido
1323 4083 1524 4137 Valerii
1554 4099 1634 4138 est
1660 4087 1897 4142 affluens.

212 4172 325 4207 cum
343 4158 582 4221 luxuria,
603 4159 837 4211 barbarae
857 4158 1101 4212 ruditatis
1114 4179 1230 4213 cru·
1407 4185 1454 4216 a.
1485 4166 1687 4235 Species.
1725 4169 1911 4222 Forma
1939 4174 2105 4227 faciei.
