3143 5204
496 433 687 502 CAP.
728 432 938 517 xnl,
982 431 1107 497 DE
1152 429 1682 497 SENECTUTE
1728 429 2091 496 MEMOR.
2214 453 2236 498 1
2271 428 2351 501 15

227 586 510 632 numero
550 560 799 631 nullam
845 562 912 629 in
955 574 1210 654 partem
1250 582 1571 629 converso
1617 583 1895 654 corpore
1935 562 2001 627 in
2041 561 2204 631 solio
2234 563 2352 632 du-

227 694 440 754 rasse3
495 667 605 738 ille
655 693 816 737 vero
868 668 1065 736 etiam
1123 666 1446 736 exercitus
1493 690 1666 759 equo
1722 667 2046 753 insidens,
2093 685 2357 739 noctem

226 777 352 846 diei
397 774 794 871 plerumque
836 772 1176 869 jungendo
1226 773 1459 859 duxit3
1506 772 1799 866 nihilque
1843 775 2115 844 omnino
2158 801 2239 845 ex
2282 778 2357 846 iis

226 883 544 978 operibus
558 936 579 970 ‚
608 905 755 976 quae
783 879 1163 962 adolescens
1190 881 1513 950 sustinere
1539 894 1920 948 assueverat
1938 933 1957 968 ‚
1978 906 2112 975 quo
2141 885 2357 952 minus

226 987 605 1060 senectute¹
651 1002 911 1083 ageret,
952 989 1212 1075 omisit3
1255 988 1514 1056 veneris
1558 988 1754 1056 etiam
1799 1011 1924 1056 usu
1967 989 2058 1056 ita
2101 1013 2360 1085 semper
2392 1043 2397 1047 .

229 1098 464 1191 viguit,
505 1110 583 1164 ut
617 1108 770 1189 post
798 1108 1054 1163 sextum
1097 1109 1165 1163 et
1198 1094 1678 1188 octogesimum
1714 1117 1964 1162 annum
2000 1092 2208 1164 filium
2248 1122 2356 1191 ge-

229 1204 522 1288 nerarit,
559 1203 672 1271 cui
714 1201 1177 1295 Methymnam
1197 1199 1216 1224 ²
1263 1225 1508 1269 nomen
1556 1199 1719 1287 fuit3
1774 1214 2019 1269 terram
2062 1227 2362 1297 quoque,

229 1333 432 1403 quam
485 1322 741 1378 vastam
785 1322 854 1376 et
904 1306 1232 1378 desertam
1281 1320 1660 1401 acceperat,
1716 1321 2040 1402 perpetuo
2089 1308 2364 1378 culturae

230 1414 453 1484 studio
489 1413 873 1545 frugiferam
910 1413 1191 1510 reliquit.

275 1562 278 1565 ‡
341 1547 409 1591 2.
442 1506 770 1641 Gorgias³
807 1520 1005 1589 etiam
1054 1519 1417 1607 leontinus,
1460 1522 1773 1590 Isocratis
1814 1534 1881 1589 et
1923 1519 2363 1615 complurium

234 1630 457 1723 magni
499 1628 746 1722 ingenii
781 1627 1076 1696 virorum
1119 1641 1520 1722 praeceptor,
1561 1650 1678 1696 sua
1719 1629 2043 1697 sententia
2073 1625 2362 1698 felicissi-

234 1759 420 1821 mus;
451 1756 609 1802 nam
637 1759 844 1828 quum
868 1735 1299 1803 centesimum
1337 1748 1406 1802 et
1440 1735 1790 1828 septimum
1824 1749 2050 1828 ageret
2088 1758 2370 1821 annum,

235 1842 678 1935 interrogatus
692 1893 711 1926 ,
732 1856 1158 1937 quapropter
1179 1839 1444 1909 tamdiu
1465 1841 1677 1909 vellet
1698 1844 1768 1908 in
1792 1845 1945 1909 vita
1965 1865 2315 1910 remanere
2334 1845 2372 1911 Ρ

239 1949 425 2039 Quia
450 1946 651 2032 nihil,
683 1947 930 2041 inquit,
957 1946 1221 2033 kabeo'‚
1261 1946 1456 2041 quod
1478 1961 1886 2015 senectutem
1914 1971 2135 2016 meam
2164 1973 2368 2018 accu-

233 2077 392 2123 sem.
424 2052 609 2142 Quid
635 2054 761 2122 isto
797 2067 1013 2122 tractu
1043 2055 1251 2122 aetatis
1279 2067 1396 2135 aut
1427 2051 1722 2147 longius,
1751 2067 1868 2121 aut
1899 2053 2194 2123 beatius?
2221 2059 2258 2123 J
2262 2082 2368 2124 am

237 2158 520 2229 alterum
549 2158 891 2229 seculum
874 2184 1238 2254 ingressus»,
1281 2184 1495 2254 neque
1532 2160 1601 2228 in
1634 2160 1765 2229 hoc
1802 2159 2135 2253 querelam
2169 2159 2371 2230 ullam

237 2266 524 2355 invenit,
562 2291 778 2361 neque
814 2267 883 2334 in
919 2264 1030 2335 illo
1069 2264 1348 2361 reliquit.

345 2371 415 2444 3.
459 2375 737 2443 Biennio
789 2373 1006 2441 minor
1052 2359 1509 2467 Xenophilus⁴
1547 2370 1985 2440 chalcidensis
2034 2372 2372 2468 Pythago-

241 2481 450 2567 ricus,
486 2479 601 2549 sed
639 2478 949 2549 felicitate
986 2504 1123 2548 non
1162 2478 1466 2548 inserim·
1449 2478 1858 2572 ‚siquidem‚
1896 2492 1972 2546 ut
2003 2480 2095 2547 ait
2128 2481 2376 2548 Aristo-

241 2612 447 2657 xenus
496 2571 823 2657 musicus⁵
840 2639 860 2670 ‚
915 2588 1129 2655 omnis
1184 2586 1459 2655 humani
1513 2583 1916 2655 incommodi
1975 2611 2248 2680 expiem,
2310 2590 2375 2655 in

242 2718 505 2762 summo
542 2693 1033 2789 perfectissimae
1065 2691 1416 2788 splendore
1454 2691 1771 2762 doctrinae
1807 2693 2166 2761 exstinctus
2207 2708 2323 2763 est.

241 2915 510 2988 plenisque
547 2912 699 2979 edd„
732 2915 1025 2985 meritoque
1051 2933 1266 2967 revoca-
1354 2933 1414 2966 re
1443 2914 1716 2984 proposita
1752 2913 1928 2967 statim
1964 2912 2376 2984 disputaturum.

243 2954 771 3057 mmesta'l'orreriio,
785 2993 878 3065 qui
897 2992 1269 3047 animadvertit
1354 2991 1490 3045 Inde
1515 2994 1748 3061 factum,
1779 3005 1842 3046 ut
1866 2992 2157 3047 imitatores
2186 2993 2381 3050 deinde

246 3076 381 3129 inter
414 3094 471 3128 oe
498 3073 701 3146 opponi
733 3085 948 3144 perstare
976 3088 1031 3128 et
1061 3074 1266 3126 sedente.
1351 3074 1496 3144 justo
1521 3033 1784 3126 minorein
1809 3073 2137 3126 orationihus
2157 3076 2263 3127 suis
2285 3075 2381 3129 ad-

247 3155 395 3227 Pigh.
414 3173 572 3218 vero,
595 3172 754 3225 quem
771 3153 860 3206 alii
876 3152 1085 3225 sequuti
1111 3165 1267 3220 sunt,
1355 3152 1603 3205 biberent
1629 3171 1872 3224 operam,
1890 3171 2054 3225 quum
2072 3167 2256 3207 eontra
2276 3158 2385 3208 Iso·

245 3254 309 3288 ex
323 3234 434 3288 suis
451 3233 607 3286 MSS.
633 3231 781 3286 dedit
797 3251 940 3302 agere
959 3233 1268 3300 assidentem,
1358 3244 1526 3286 crates
1545 3233 1604 3284 in
1631 3231 1967 3303 perficiendis
1995 3233 2104 3286 suis
2129 3236 2382 3305 operibus

250 3327 300 3368 et
320 3315 397 3368 nic
423 3313 586 3367 babet
614 3311 744 3367 edit.
775 3327 880 3369 vet.
1358 3311 1586 3366 nimium
1613 3312 1722 3364 fere
1752 3310 2018 3366 studiosus
2048 3326 2196 3366 esset.
2306 3349 2317 3356 -

332 3413 383 3447 1.
415 3389 681 3448 sancctum.
713 3392 778 3445 Id
809 3406 919 3458 est,
950 3393 1007 3445 in
1037 3405 1272 3448 senectu-
1444 3398 1497 3456 4.
1539 3392 1859 3463 XenophiIus.
1890 3390 2015 3444 vid.
2058 3393 2278 3448 Lucian.
2326 3397 2381 3448 in

249 3486 331 3539 te,
356 3492 536 3527 senex.
567 3473 720 3544 Pigh.
752 3485 805 3526 et
836 3473 1014 3526 Coler.
1045 3491 1149 3544 pro
1178 3493 1272 3546 quo
1359 3472 1677 3536 Macrobii„
1704 3471 1844 3524 Plin.
1872 3472 1983 3523 VII
2001 3512 2017 3537 ,
2048 3473 2138 3526 50.

249 3557 664 3615 minus-senectute,
687 3551 970 3618 dederunt,
981 3572 1125 3624 quum
1138 3554 1272 3605 Ellam
1444 3551 1496 3605 5.
1517 3552 1748 3605 Musteus.
1768 3551 1965 3604 Prota
1978 3552 2202 3618 musica,
2225 3553 2383 3606 etiam

250 3646 546 3686 snectutem.
571 3633 754 3686 Minus
778 3634 930 3686 bene.
1362 3631 1612 3685 historica
1652 3644 1706 3684 et
1746 3631 2115 3703 philosophica
2154 3634 2386 3686 conscri-

335 3734 387 3767 ι.
430 3713 776 3785 Methymnaeo.
803 3712 887 3765 Ab
909 3711 1024 3765 aliis
1049 3710 1272 3783 Σθιμὸἆν
1363 3711 1486 3781 psit.
1519 3711 1668 3763 Nihil
1694 3711 2006 3765 celebratius
2036 3730 2197 3783 opere
2217 3711 2285 3765 de
2311 3715 2391 3767 vi-

254 3812 342 3848 teu
368 3791 647 3863 ϋιμὸανὸς
675 3805 910 3846 vocatur.
1366 3790 1433 3843 tis
1466 3790 1755 3844 illustrium
1783 3790 2037 3844 virorum.
2071 3790 2199 3844 vid.
2248 3794 2386 3847 Gell.

335 3874 389 3926 3.
411 3871 778 3943 Gorgias.Vid.
798 3873 908 3925 Cic.
924 3872 1039 3924 Gat.
1055 3890 1072 3936 ;
1086 3870 1275 3935 Quint.
1367 3872 1472 3935 IV,
1492 3889 1515 3923 1
1533 3890 1554 3923 1
1568 3911 1583 3923 .
1608 3872 1730 3924 Non
1757 3871 1871 3924 sine
1894 3889 2099 3924 summa
2119 3871 2387 3944 voluptate

257 3953 366 4015 111,
397 3969 452 4016 1;
483 3953 674 4004 AElian.
698 3952 753 4004 11
771 3990 788 4018 ‚
819 3952 887 4005 35
906 3971 923 4016 ς
942 3951 1190 4004 philostr.
1223 3952 1278 4004 in
1365 3949 1501 4003 illud
1530 3950 1826 4005 Aristoxeni
1854 3969 1989 4022 opus
2013 3951 2116 4021 legi
2138 3952 2387 4022 potuisse,

261 4032 348 4086 vit.
367 4032 589 4103 sophin.
613 4034 658 4084 1.
683 4031 907 4102 Gorgias
927 4031 1131 4102 primus
1153 4049 1280 4102 pro·
1368 4043 1591 4085 testatur
1605 4031 1742 4084 Plut.
1762 4031 1904 4083 libro
1918 4029 2082 4095 Quod
2100 4049 2209 4083 non
2221 4035 2391 4086 suavi-

261 4110 392 4166 fimi
425 4131 582 4165 ausus
609 4123 688 4164 est
705 4145 724 4172 ‚
757 4130 812 4164 se
849 4109 917 4163 de
950 4128 1283 4181 quacumque
1371 4124 1452 4163 ter
1472 4111 1582 4165 vivi
1601 4112 1764 4183 possit
1780 4129 1882 4164 sec.
1901 4111 2114 4182 Epicur.
2139 4130 2190 4180 p.
2221 4113 2390 4181 1093.

1983 4217 2065 4284 3,
