3143 5204
769 501 903 592 191.
1125 494 1568 563 VALERII
1626 493 2036 559 MAXIMI
2095 493 2287 559 LIB.
2347 491 2482 557 lx.

758 632 908 715 bus,
940 626 1115 697 solus
1145 628 1409 708 restitit,
1436 640 1778 718 tamquam
1803 624 2093 692 humeris
2123 625 2256 692 suis
2282 624 2481 691 totius
2506 623 2710 689 ruinae
2739 648 2880 689 mo—

756 736 883 805 lem
946 748 1464 818 sustentaturus3
1513 732 1627 800 sed
1675 730 1968 825 pondere
2024 731 2203 799 omni
2256 751 2536 823 corpore
2586 728 2883 796 humano

755 844 1129 937 potentiore
1192 864 1489 935 pressuS,
1551 838 1778 907 imbris
1830 826 2158 927 [causa]¹
2208 838 2478 931 petitam
2524 834 2881 921 latebram,

753 950 1075 1018 dementis
1111 948 1227 1016 fati
1269 945 1648 1041 sepulcrum
1695 944 1945 1012 habuit.
1997 947 2279 1013 Possunt
2322 942 2391 1010 hi
2427 941 2720 1036 praebere
2762 940 2880 1009 do-

753 1069 1172 1140 cumentum,
1218 1054 1420 1121 nimio
1472 1052 1713 1121 robore
1758 1051 2246 1136 membrorum,
2290 1050 2588 1143 vigorem
2646 1048 2882 1116 mentis

751 1162 1102 1231 hebescere
1123 1215 1142 1248 ,
1183 1162 1367 1255 quasi
1412 1160 1748 1228 abnuente
1799 1171 2033 1226 natura
2089 1158 2430 1249 utriusque
2477 1156 2633 1223 boni
2678 1153 2880 1247 largi-

753 1272 1036 1354 tionem3
1091 1293 1175 1336 ne.
1227 1291 1426 1360 supra
1480 1264 1829 1334 mortalem
1870 1265 1956 1332 sit
2001 1261 2376 1332 felicitatem
2403 1316 2422 1350 ‚
2461 1259 2766 1331 eumdem
2817 1275 2882 1327 et

748 1373 1268 1444 valentissimum
1314 1398 1489 1459 esse,
1527 1386 1595 1440 et
1634 1372 2206 1465 sapientissimum.

1362 1593 1837 1681 CAPUT
1929 1592 2250 1678 XIII.

1263 1801 1350 1863 De
1373 1798 1718 1887 cupiditate
1740 1804 1897 1863 υἱέα»
1924 1799 2371 1864 Romanorum.

793 2013 833 2043 ι.
854 1997 919 2042 Μ.
946 1992 1118 2056 Aquini
1139 1991 1280 2054 legati
1304 1993 1574 2039 consularis.
1603 2017 1666 2026 —-
1694 2007 1737 2038 2.
1762 1994 1848 2039 Cn.
1874 1993 2101 2039 Carbonis
2127 2009 2224 2038 cos.
2253 1993 2296 2038 3.
2323 2018 2384 2028 —
2409 1991 2450 2037 3.
2479 1992 2532 2037 C.
2565 1991 2690 2037 lunii
2715 1991 2848 2035 Bruti

1730 2086 1913 2130 procos.

1260 2235 1356 2299 De
1374 2235 1725 2325 cupiditate
1746 2238 1905 2301 vitoe
1932 2236 2380 2301 Extemorum.

823 2450 861 2479 1.
892 2431 1058 2478 Xerxis
1089 2434 1332 2477 Persarum
1366 2429 1506 2490 regis.
1536 2453 1594 2463 —
1628 2442 1670 2474 α.
1701 2429 1958 2474 Masinissa
1990 2428 2220 2475 Numidiae
2251 2429 2390 2491 regin.
2410 2454 2472 2464 —
2493 2430 2540 2476 3.
2571 2429 2827 2477 Alexandri

1182 2505 1477 2555 Pliaereorum
1502 2507 1643 2568 regis.
1668 2533 1727 2541 --
1752 2513 1797 2560 4.
1818 2507 2034 2567 Dionysii
2060 2507 2226 2555 siciliae
2249 2510 2447 2567 tyranni.

1064 2686 1166 2740 DE
1207 2683 1705 2740 CUPIDITATE
1746 2687 1962 2738 VITAE
2001 2685 2560 2741 ROMANORUM.

871 2871 1124 2946 Verum
1170 2877 1323 2969 quia
1376 2897 1679 2943 excessus
1730 2901 1766 2943 e
1814 2877 1947 2943 vita
1999 2892 2064 2945 et
2121 2877 2428 2946 fortuitos
2453 2933 2472 2966 ,
2520 2893 2588 2947 et
2631 2878 2852 2947 viriles
2876 2932 2895 2964 ‚

767 2983 1087 3079 quosdam
1117 2982 1314 3049 etiam
1346 2981 1728 3050 temerarios
1750 2983 2049 3052 oratione
2073 2985 2443 3077 attigimuS,
2475 2984 2896 3079 subjiciamus

771 3115 949 3159 nunc
984 3089 1397 3158 aestimationi
1433 3111 1707 3156 enerves
1742 3105 1811 3157 et
1844 3088 2258 3159 effeminatos
2284 3144 2305 3173 ‚
2336 3107 2411 3160 ut
2445 3091 2585 3186 ipsa
2625 3116 2893 3186 compa—

771 3199 1023 3266 ratione
1058 3208 1313 3290 pateat,
1358 3209 1608 3289 quanto
1657 3219 1793 3263 non
1832 3195 2042 3265 solum
2088 3196 2343 3286 fortior,
2387 3198 2502 3266 sed
2544 3201 2744 3267 etiam
2782 3221 2893 3267 sa-

769 3305 1055 3398 pientior
1089 3302 1320 3371 mortis
1355 3301 1689 3371 interdum
1711 3300 1756 3389 ²,
1791 3327 1991 3397 quam
2028 3304 2211 3389 vitae‚
2256 3305 2339 3374 sit
2372 3304 2714 3399 cupiditas.

770 3525 901 3584 gunt
924 3513 1202 3569 vitantibus,
1227 3515 1439 3580 egressis,
1469 3510 1562 3563 ubi
1587 3513 1786 3580 egmm‘s
1873 3510 2022 3565 MSS.
2050 3513 2238 3575 imbris,
2264 3513 2411 3584 quod
2434 3514 2676 3587 Kappqu
2691 3532 2794 3584 pro
2814 3519 2899 3565 im·

770 3613 833 3646 ex
862 3593 1026 3664 glossa
1053 3604 1261 3654 ortum,
1292 3591 1371 3642 uti
1392 3592 1500 3661 Jam
1525 3587 1659 3642 vidit
1687 3591 1786 3643 Pe-
1874 3591 2036 3643 bn‘bus
2064 3591 2268 3646 dictum
2298 3595 2588 3658 existimat,
2618 3594 2755 3647 sicut
2777 3613 2897 3664 poe-

769 3672 1019 3726 rizonius.
1046 3670 1335 3724 Tor-renim
1361 3670 1462 3723 sibi
1490 3669 1788 3741 persuadet,
1863 3667 2016 3724 ’matis
2053 3691 2155 3743 pro
2187 3675 2499 3744 poematibus.
2531 3675 2709 3739 Quare
2750 3694 2896 3725 causa

772 3767 1056 3823 utrumque
1071 3769 1100 3804 a
1116 3751 1333 3804 Valerio
1345 3750 1644 3822 profectum
1659 3767 1788 3815 esse,
1873 3752 2024 3805 uncis
2040 3753 2300 3806 inclusum
2318 3767 2414 3807 est.
2425 3785 2507 3797 -—-
2519 3755 2766 3806 Demeis
2774 3756 2894 3820 fati.

771 3832 917 3903 quod
961 3827 1137 3903 Kapp.
1182 3831 1331 3884 nullo
1372 3827 1534 3882 modo
1575 3829 1790 3884 credere
1874 3833 2066 3885 Mortis
2099 3850 2196 3905 per
2218 3832 2539 3888 dementiam
2558 3834 2734 3887 inita:
2764 3851 2899 3886 mm-

772 3924 959 3984 potest.
1875 3929 2034 3983 quam
2063 3912 2209 3965 aliud
2236 3916 2452 3968 sortitus
2476 3914 2899 3986 est'sepulcrum.

857 4013 878 4047 ι
892 4032 906 4046 .
937 3991 1107 4045 Imbris
1126 4007 1286 4044 musa.
1320 3989 1409 4044 Sic
1433 3989 1647 4060 Pighius
1672 3989 1787 4042 alii·
1960 4013 2008 4046 2.
2027 3993 2288 4048 Interdum.
2304 3997 2466 4047 Recte
2483 3992 2631 4047 addit
2645 3994 2899 4045 interdum.

769 4089 889 4142 que.
918 4070 1083 4125 Aldus
1105 4071 1350 4131 imbribus,
1386 4068 1443 4123 id
1476 4083 1584 4136 est,
1616 4086 1783 4141 quum
1873 4069 1996 4124 Non
2027 4073 2168 4125 enim
2192 4092 2400 4145 semper
2417 4074 2604 4127 mortis
2630 4073 2896 4144 cupiditas

768 4152 943 4204 mhres
964 4164 1159 4216 essent,
1184 4150 1379 4203 omisso
1402 4168 1567 4203 causa.
1601 4150 1783 4204 Plures
1872 4153 2051 4216 fortis,
2079 4172 2176 4205 nec
2198 4154 2351 4220 vita,
2375 4155 2577 4207 enervis
2605 4153 2765 4206 animi
2784 4164 2862 4206 est
2883 4171 2895 4204 :
