3143 5204
826 519 920 602 84
1174 516 1613 584 VALERII
1667 518 2074 585 MAXIM}
2129 521 2318 588 LIB.
2377 523 2597 591 VIII.

821 648 932 718 tali
969 651 1242 718 crimine
1277 664 1657 735 accusatus,
1693 674 1877 717 suam
1916 674 2179 719 causam
2215 654 2390 747 egit3
2417 679 2630 749 neque
2661 672 2775 727 aut
2805 684 2941 728 me·

821 757 1094 823 moriam
1133 756 1273 848 ejus
1312 757 1656 849 quisquam
1696 757 2050 827 tardiorem
2073 812 2092 845 ‚
2127 774 2243 827 aut
2290 760 2668 831 firmitatem
2716 763 2943 834 lateris

819 861 949 929 ulla
979 887 1056 929 ex
1085 876 1272 955 parte
1300 877 1675 956 quassatam
1692 916 1712 947 ‚
1733 877 1848 931 aut
1873 889 1948 933 os
1969 864 2373 936 haesitatione
2401 868 2787 962 impeditum
2814 874 2946 941 ani-

817 968 1171 1036 madvertit
1203 993 1218 1034 ε
1248 969 1398 1062 quia
1436 970 1657 1036 omnia
1694 971 1812 1037 ista
1851 972 1917 1038 in
1952 982 2125 1040 statu
2162 997 2285 1042 suo
2326 974 2559 1068 aequali
2592 999 2668 1046 ac
2705 1004 2941 1073 perpe·

818 1088 928 1141 tua
975 1074 1293 1142 industria
1333 1074 1795 1143 continebat¹:
1843 1077 2001 1169 quin
2045 1080 2240 1147 etiam
2283 1082 2350 1149 in
2394 1083 2536 1176 ipso
2580 1082 2949 1154 diutissime

814 1195 976 1248 actae
1005 1182 1156 1248 vitae
1183 1179 1314 1248 fine
1346 1181 1749 1250 disertissimi
1777 1186 2056 1252 oratoris
2084 1184 2313 1255 Galbae
2334 1184 2354 1210 ²
2383 1191 2785 1258 accusationi
2828 1192 2946 1260 de·

814 1286 1175 1354 sensionem
1222 1310 1406 1354 suam
1446 1312 1570 1381 pro
1603 1288 1915 1382 Hispania
1949 1293 2275 1386 opposuit.

921 1392 1105 1461 Idem
1154 1395 1385 1486 graecis
1432 1392 1635 1463 literis
1666 1379 1688 1417 ³
1739 1394 1983 1464 erudiri
2026 1400 2456 1492 concupivit:
2509 1425 2705 1495 quam
2751 1429 2950 1492 sero,

813 1498 965 1566 inde
1008 1500 1438 1584 aestimemus,
1473 1501 1653 1593 quod
1692 1503 1888 1570 etiam
1934 1500 2165 1573 latinas
2202 1529 2386 1598 paene
2421 1506 2559 1600 jam
2607 1533 2806 1577 senex
2840 1510 2945 1579 di·

812 1603 1014 1690 dicit;
1058 1630 1391 1699 quumque
1435 1604 1806 1700 eloquentia
1843 1632 2149 1703 magnam
2185 1611 2319 1704 jam
2364 1611 2639 1707 gloriam
2684 1631 2949 1709 partam

813 1710 1086 1779 haberet
1106 1763 1126 1796 ,
1152 1711 1217 1778 id
1248 1713 1419 1805 egit,
1456 1727 1529 1781 ut
1549 1713 1716 1804 juris
1754 1713 1961 1783 civilis
1990 1741 2253 1811 quoque
2286 1734 2457 1788 esset
2492 1722 2949 1815 peritissimus.

924 1842 988 1883 2.
1034 1817 1240 1910 Cujus
1285 1819 1561 1888 mirifica
1609 1819 1827 1914 proles
1845 1808 1892 1908 ⁴,
1930 1825 2202 1916 propior
2243 1827 2416 1894 aetati
2451 1842 2692 1897 nostrae
2728 1831 2906 1898 Cato
2933 1886 2953 1914 ,

810 1925 898 1990 ita
943 1923 1259 1993 doctrinm
1303 1925 1659 2021 cupiditate
1698 1926 2042 2021 flagravit,
2083 1945 2267 1999 utne
2308 1934 2374 2000 in
2420 1936 2601 2003 curia
2638 1934 2909 2030 quidem
2933 1992 2952 2023 ‚

813 2028 971 2097 dum
1011 2045 1274 2098 senatus
1314 2033 1614 2126 cogitur,
1659 2047 2058 2127 temperaret
2103 2036 2225 2105 sibi
2246 2091 2265 2124 ‚
2305 2063 2443 2133 quo
2483 2042 2701 2110 minus
2744 2040 2952 2113 libros

813 2160 1062 2228 graecos
1092 2135 1412 2206 lectitaoet
1440 2164 1454 2205 :
1482 2162 1615 2232 qua
1638 2139 1899 2232 quidem
1931 2140 2249 2211 industria
2277 2146 2599 2233 ostendit,
2626 2147 2765 2217 aliis
2791 2165 2952 2218 tem·

813 2266 975 2334 pora
1005 2242 1261 2327 deesse,
1288 2242 1448 2313 alios
1471 2246 1882 2339 temporibus
1914 2272 2253 2342 superesse
2273 2236 2314 2317 ⁵.

925 2346 988 2417 3.
1034 2352 1378 2419 Terentius
1421 2366 1640 2419 autem
1681 2339 1961 2441 Varro⁶‚
1998 2354 2304 2424 humanae
2341 2359 2494 2426 vitae
2538 2361 2843 2456 exemplo
2883 2378 2947 2431 et

901 2606 945 2639 1.
993 2585 1297 2640 Continebat.
1339 2584 1681 2639 Potissimum
1722 2606 1837 2638 mo-

816 2666 1087 2720 deratione
1126 2679 1180 2719 et
1219 2667 1566 2735 temperantia
1612 2668 1839 2731 tactum,

815 2761 876 2800 ut
893 2747 1133 2819 plerique
1146 2758 1383 2799 veterum
1407 2746 1703 2817 sapientum
1729 2766 1835 2800 non

818 2825 884 2879 ad
924 2844 1180 2880 summam
1206 2822 1368 2877 modo
1401 2838 1632 2891 aetatem,
1667 2825 1760 2879 sed
1786 2841 1838 2880 et

815 2904 1003 2958 validis
1048 2904 1223 2959 adhuc
1262 2905 1453 2958 mentis
1497 2906 1839 2978 corporisque

817 2986 1020 3039 viribus
1041 2987 1399 3058 pervenirent.
1420 2983 1551 3038 vid.
1573 2986 1760 3039 Cicero
1782 2988 1837 3040 in

817 3067 1035 3121 Catone.

903 3166 931 3197 α
944 3145 1156 3199 ,Galbae.
1168 3145 1269 3196 Hic
1282 3139 1467 3211 Galba,
1480 3164 1646 3216 quum
1656 3166 1710 3200 se
1719 3165 1841 3199 con·

820 3225 1124 3278 demnatum
1138 3222 1367 3290 videret,
1380 3227 1685 3297 complexus
1705 3225 1840 3279 duos

819 3305 957 3358 filios
982 3316 1313 3378 praetextatos
1335 3317 1387 3356 et
1413 3304 1627 3375 sulpitii
1650 3306 1840 3373 filium,

820 3387 969 3457 cnjus
1001 3396 1144 3437 tutor
1175 3397 1311 3452 erat,
1335 3385 1575 3437 oratione
1604 3404 1695 3438 sua
1721 3400 1838 3440 tan-

817 3480 922 3518 tam
947 3463 1358 3517 misericordiam
1379 3464 1546 3516 movit
1561 3502 1578 3530 ,
1603 3478 1664 3517 ut
1689 3485 1839 3537 roga·

815 3547 891 3599 tio
909 3546 1287 3615 antiquaretur.
1304 3576 1384 3585 —
1419 3545 1676 3615 Opposuit.
1707 3543 1842 3597 Vult

818 3645 845 3678 a
876 3628 1077 3680 Catone
1097 3622 1362 3677 defensam
1387 3640 1496 3676 esse
1513 3622 1840 3695 Hispaniam,

817 3724 975 3777 quam
1016 3705 1288 3759 accusabat
1324 3702 1528 3768 Galba,
1573 3715 1840 3775 tamquam

818 3789 1012 3841 merito
1037 3799 1142 3838 tam
1171 3783 1345 3855 gravia
1376 3800 1404 3833 a
1433 3801 1489 3834 se
1518 3799 1837 3855 perpessam.
1875 3782 1878 3787 ’

901 3871 954 3922 3.
992 3866 1180 3920 θνητὰ
1210 3865 1374 3917 literis.
1410 3861 1581 3916 Cicer.
1622 3864 1714 3917 lib.
1756 3864 1837 3915 lv

819 3948 958 4002 Acad
968 3989 980 4001 .
994 3945 1281 4013 Quaestion.
1292 3977 1372 3987 -·
1393 3944 1691 4013 Concupivie.
1706 3942 1835 3997 vid.

820 4029 1011 4099 Nepot.
1036 4027 1176 4078 Plut.
1202 4037 1255 4078 et
1277 4023 1453 4076 Aurel.
1485 4022 1685 4076 vict-in
1709 4023 1834 4076 vita.

899 4116 949 4170 4.
992 4108 1172 4158 Proles.
1220 4103 1362 4158 Cato.
1403 4101 1837 4156 Uticensis.Vide

817 4189 1157 4251 Ciceronem,
1204 4183 1271 4237 de
1303 4183 1555 4247 Finibus,
1589 4182 1679 4235 lib.
1722 4183 1833 4248 111,

1929 2607 1975 2640 c.
2002 2607 2054 2641 α.
2082 2589 2249 2641 Proles
2275 2602 2351 2644 est
2376 2612 2641 2666 pronepos
2664 2592 2948 2654 Uticensis.

2011 2668 2063 2721 5.
2097 2669 2239 2721 Alios
2272 2674 2554 2742 tenporibus
2589 2695 2844 2748 supemx.
2886 2682 2953 2733 ld

1926 2754 2029 2806 est‚'
2070 2748 2200 2802 alios
2242 2751 2400 2804 nimis
2438 2753 2710 2810 abundans
2741 2772 2955 2832 tempus

1927 2827 2142 2887 habere,
2177 2848 2271 2882 seu
2304 2830 2408 2884 illis
2438 2835 2665 2888 multum
2696 2843 2956 2911 temporis

1925 2919 2120 2960 restare
2141 2908 2195 2960 in
2220 2928 2327 2981 quo
2353 2910 2489 2965 nihil
2514 2914 2773 2983 habeant,
2803 2920 2953 2991 quod

1925 3000 2096 3057 agant.
2128 2987 2215 3041 sic
2240 2990 2429 3043 Cicero
2460 2995 2599 3065 apud
2626 2998 2861 3052 Gellium
2892 3003 2955 3069 1,

1934 3085 1959 3118 2
1974 3086 2001 3118 a
2025 3083 2041 3119 ε
2087 3079 2107 3099 “
2134 3067 2246 3121 Nec
2268 3070 2484 3126 scientia
2502 3077 2637 3146 juris
2660 3082 2956 3150 majoribus

1927 3145 2034 3198 suis
2062 3146 2129 3211 Q.
2154 3148 2253 3201 AEl.
2282 3149 2500 3207 Tubero
2529 3155 2724 3225 defuit,
2750 3158 2955 3216 doctri-

1926 3244 1994 3278 na
2019 3226 2174 3278 etiam
2195 3231 2443 3299 superfuit.
2468 3260 2488 3280 ι.

2007 3310 2058 3358 6.
2092 3306 2271 3361 Varro.
2290 3309 2421 3364 Vid.
2451 3315 2586 3369 Gell.
2613 3317 2722 3383 III,
2758 3338 2852 3373 ιο.
2874 3344 2954 3358 -

1928 3384 2164 3455 Exemplo
2210 3389 2259 3438 εἰ
2289 3395 2445 3459 spatio
2488 3398 2819 3454 nominandus.
2865 3401 2956 3455 Sic

1928 3465 2172 3518 vorstius
2193 3487 2256 3520 ex
2276 3469 2700 3545 plerisquelibris
2718 3480 2857 3533 bene
2875 3500 2957 3534 re-

1927 3544 2097 3597 stituit
2108 3586 2123 3614 ,
2140 3565 2305 3618 quum
2323 3550 2475 3622 Pigh.
2489 3555 2653 3608 solam
2666 3558 2957 3615 lectionem

1928 3626 2112 3697 Camp.
2133 3642 2385 3698 sequutus
2409 3632 2675 3702 edidisset,
2687 3641 2955 3710 exemplum

1925 3712 2173 3780 oetaeisque
2182 3712 2387 3777 spetlum
2395 3716 2730 3769 nominandus!
2742 3719 2955 3774 Verum

1924 3803 2083 3856 quam
2103 3787 2480 3846 inconcinnum
2491 3793 2641 3857 illud,
2664 3802 2827 3851 oetatis
2838 3822 2954 3871 spa-

1925 3868 2040 3917 tium
2071 3870 2398 3924 nominandus.
2440 3873 2561 3926 Non
2580 3890 2756 3947 potest
2773 3880 2953 3933 Varro

1923 3946 2088 3999 aetatis
2119 3948 2346 4019 spatium
2389 3954 2680 4018 nominari,
2726 3957 2820 4011 sed
2852 3980 2953 4012 no·

1925 4026 2114 4080 minari
2150 4027 2291 4081 idem
2324 4041 2495 4102 potest
2524 4049 2747 4106 propter
2787 4042 2955 4094 aetatis

1923 4106 2169 4176 spatium.
2212 4111 2286 4162 Ac
2312 4130 2414 4181 pro
2442 4114 2535 4164 illo
2565 4115 2711 4187 ipso,
2750 4133 2955 4190 propter·

1924 4191 2082 4238 creatis
2136 4195 2338 4258 spatium
2357 4229 2371 4248 ‚
2408 4194 2647 4247 Valerius
2703 4199 2941 4269 scripsit.
