3143 5204
783 457 923 530 106
1083 462 1529 529 VALERII
1602 461 2015 531 MAXIMI
2085 408 2275 531 LIB.
2352 465 2583 531 VIII.

768 593 942 686 quit,
976 593 1127 662 idus
1154 597 1461 681 Martias
1479 593 1643 685 jam
1680 593 1999 664 verteme?
2025 609 2093 663 et
2122 597 2209 681 is,
2239 596 2518 690 Ecquid
2535 602 2706 681 scis,
2742 600 2903 667 dtas

766 700 1064 769 nondum
1092 706 1517 795 praecericsse
1532 702 1571 770 :⁷
1601 700 1951 793 Abjecerat
1986 701 2153 771 alter
2192 704 2496 773 timorem
2514 756 2534 788 ‚
2561 718 2899 798 tamquam

768 820 1000 877 exacto
1031 822 1330 904 tempore
1361 822 1667 903 suspecto
1693 834 1708 877 ε
1745 807 1913 879 alter
1950 823 2431 887 neextremam
2466 810 2731 904 quidem
2759 812 2903 905 ejus

767 928 1024 1007 partem
1063 914 1358 1010 periculo
1394 939 1675 986 vacuam
1713 939 1854 985 esse
1900 917 2257 985 arbitratus
2306 930 2422 987 est.
2469 919 2746 986 Utinam
2784 918 2893 986 ha·

768 1022 1091 1115 ruspicem
1140 1023 1359 1118 potius
1403 1024 1750 1118 augurium
1771 1076 1789 1108 ,
1821 1046 2022 1117 quam
2060 1025 2287 1118 patriae
2329 1039 2668 1118 parentem
2715 1047 2903 1097 secu·

766 1127 922 1197 ritas
962 1125 1326 1200 fefellisset!

799 1303 902 1356 DE
943 1302 1458 1356 EFFECTIBUS
1500 1270 1830 1357 ARTI'UM
1872 1304 2117 1358 RARIS
2159 1305 2379 1358 APUD
2419 1305 2881 1358 EXTERNOS.

889 1463 943 1505 1.
989 1435 1119 1506 Sed
1152 1452 1227 1506 ut
1265 1436 1667 1531 alienigena¹
1707 1453 2119 1525 scrutemur,
2154 1464 2364 1534 quum
2405 1439 2765 1509 obscurato
2803 1464 2905 1507 re-

767 1558 965 1639 pente
999 1542 1135 1613 sole
1168 1545 1492 1614 inusitatis
1531 1544 1813 1641 perfusae
1839 1545 2126 1637 tenebris
2149 1545 2428 1631 Athenae
2464 1543 2909 1625 sofficitudine

768 1665 1156 1747 agerentur,
1201 1651 1539 1720 interitum
1587 1650 1710 1719 sibi
1759 1649 2001 1745 caelesti
2051 1650 2549 1735 denuntiatione
2594 1651 2909 1746 portendi

771 1757 1113 1827 credentes
1134 1811 1155 1845 ,
1200 1755 1481 1827 Pericles
1511 1747 1833 1854 processit
1871 1759 1941 1828 in
1975 1758 2303 1848 medium3
2345 1773 2413 1829 et
2453 1783 2604 1854 quae
2643 1782 2684 1833 a
2729 1783 2908 1853 prae*

766 1879 1035 1959 ceptore
1079 1889 1200 1933 suo
1242 1865 1637 1961 Anaxagora
1670 1866 2073 1960 pertinentia,
2103 1863 2187 1945 ad
2232 1864 2386 1937 solis
2420 1880 2489 1935 et
2528 1864 2702 1937 lunae
2744 1891 2907 1936 cur-

765 1997 913 2057 sum
973 1986 1355 2068 acceperat,
1417 1971 1767 2063 disseruit3
1821 1997 1944 2042 nec
2005 1971 2279 2043 ulterius
2340 1972 2673 2067 trepidare
2728 1974 2910 2043 cives

768 2104 922 2149 suos
968 2104 1141 2147 vano
1179 2093 1360 2148 metu
1401 2103 1632 2174 passus
1668 2094 1788 2149 est.
2458 2120 2475 2137 κ

879 2211 943 2255 2.
984 2187 1327 2275 Quantum
1372 2212 1576 2281 porro
1618 2185 1955 2281 dignitatis
2000 2212 2040 2255 a
2084 2210 2239 2281 rege
2278 2184 2653 2256 Alexandro
2697 2186 2909 2255 tribu·

769 2299 912 2361 tum
949 2294 1076 2362 arti
1115 2294 1602 2381 existimamus,
1636 2293 1750 2388 qui
1784 2318 1853 2363 se
1885 2308 1953 2383 et
1985 2294 2170 2389 pingi
2206 2293 2290 2363 ab
2326 2291 2805 2388 uno-Apelle.²‚
2843 2309 2913 2363 et

769 2399 931 2495 fingi
963 2423 1002 2468 a
1034 2390 1328 2496 Lysippo
1357 2388 1824 2495 tantummodo
1851 2399 2118 2479 voluit?

880 2505 943 2576 3.
981 2510 1190 2576 Tenet
1237 2508 1523 2576 visentes
1577 2506 1891 2593 Athenas,
1918 2506 2261 2578 Vulcanus
2304 2492 2718 2578 Alcamenis³
2766 2530 2910 2575 ma-

770 2614 962 2683 nibus
1005 2613 1398 2702 fabricatus;
1440 2628 1679 2708 praeter
1722 2628 1958 2684 caetera
2002 2616 2175 2683 enim
2221 2615 2710 2710 perfectissimae
2748 2616 2915 2684 artis

859 2808 878 2839 1
892 2828 906 2841 .
949 2789 1258 2858 Alienigena.
1293 2786 1505 2841 Scilicet
1537 2788 1793 2858 exempla.

770 2867 917 2921 Harl.
944 2869 1142 2920 Aliena.
1174 2869 1295 2919 Duo
1329 2866 1480 2920 MSS.
1517 2885 1643 2920 cum
1666 2866 1794 2924 edit.

772 2949 916 3018 Mog.
940 2962 993 3002 et
1015 2961 1120 3002 vet.
1148 2948 1441 3018 alienigenas
1456 2985 1472 3010 ,
1492 2945 1654 3004 scilic.
1674 2965 1798 3020 gen·

770 3041 846 3082 tes
861 3067 878 3093 ,
896 3041 957 3081 ut
977 3028 1194 3100 Guyeto
1215 3026 1556 3088 scribendum
1580 3028 1798 3085 videba-

772 3123 861 3161 tur
870 3148 887 3174 ‚
902 3122 1094 3181 praeter
1118 3127 1251 3180 rem.
1265 3141 1346 3151 —
1359 3110 1654 3179 Aget-entur.
1667 3110 1795 3167 Vid.

773 3190 915 3242 Plut.
965 3190 1191 3257 Quintil.
1235 3190 1292 3254 1,
1342 3208 1431 3260 ¹7·
1477 3189 1799 3257 Frontinus,

772 3270 863 3322 lib.
891 3271 949 3334 Ι,
989 3289 1051 3325 11
1074 3309 1092 3334 ,
1122 3281 1335 3336 narrat;
1373 3270 1431 3323 in
1460 3283 1629 3332 castra
1655 3271 1800 3326 deci-

770 3347 910 3405 disse
939 3351 1172 3417 fulmen;
1204 3367 1313 3421 quo
1343 3369 1513 3421 quum
1544 3365 1802 3408 terreren-

772 3444 861 3488 tur
898 3431 1091 3484 milites
1108 3468 1125 3496 ‚
1159 3430 1415 3485 Periclem
1444 3430 1717 3503 lapidibus
1740 3433 1798 3486 in

769 3524 1055 3583 conspectu
1096 3511 1338 3565 omnium
1365 3512 1559 3566 collisis
1576 3552 1592 3577 ,
1620 3513 1797 3584 ignem

770 3593 1080 3658 excussisse,
1101 3604 1155 3645 et
1174 3590 1440 3658 docuisse,
1455 3593 1699 3650 similiter
1725 3603 1801 3647 at·

770 3674 901 3727 tritu
938 3672 1165 3725 nubium
1205 3673 1380 3740 excuti
1425 3673 1647 3732 fulmen.
1690 3673 1799 3726 Pro

772 3766 1027 3825 ageremur
1043 3751 1255 3824 Lipsius
1271 3753 1472 3808 mavult
1487 3766 1793 3823 angmenta-

857 3855 907 3888 α.
951 3833 1139 3902 Apelle.
1174 3831 1304 3884 vid.
1345 3833 1487 3887 Plut.
1523 3832 1593 3890 de
1628 3834 1797 3888 sot-tit.

773 3916 951 3978 Alex.;
972 3914 1084 3966 Cic.
1106 3910 1176 3966 ad
1193 3912 1339 3966 Fam.
1357 3915 1420 3974 V.
1452 3933 1470 3970 ι
1490 3933 1548 3978 ²3
1565 3913 1798 3979 Plinius,

777 3995 910 4070 Vll.
947 3996 1049 4064 373
1078 3994 1264 4046 Horat.
1296 3994 1436 4064 Epp.
1463 3995 1547 4058 11,
1580 4012 1638 4058 ι,
1668 3995 1795 4064 239.

775 4075 983 4145 Apelles
1003 4109 1018 4136 ‚
1061 4093 1213 4134 cous,
1267 4074 1482 4144 ingenio
1532 4087 1586 4127 et
1634 4075 1800 4144 gratia

775 4155 1247 4224 praestantissimus.
1267 4153 1509 4210 Laudant
1533 4155 1797 4226 principue

1884 2790 1997 2859 ejus
2035 2788 2327 2856 Venerem,
2365 2807 2396 2842 e
2425 2788 2561 2841 mari
2595 2799 2914 2854 exeuntem,

1884 2887 2043 2940 quam
2054 2882 2237 2940 postea
2254 2871 2479 2924 Romam
2493 2866 2779 2922 adductam
2803 2871 2918 2920 Au-
3004 2893 3007 2896 *

1884 2960 2067 3021 gustus
2097 2949 2297 3003 dicavit
2330 2950 2391 3002 in
2428 2948 2647 3003 casaris
2679 2949 2915 3020 templo,

1889 3033 2041 3101 cujus
2053 3030 2362 3083 inferiorem
2381 3041 2583 3101 partem
2601 3041 2919 3100 corruptam

1888 3111 1981 3183 qui
2015 3109 2285 3176 reficeret,
2316 3126 2427 3163 uon
2454 3110 2641 3181 potuit
2664 3108 2918 3181 reperiri.

1886 3190 2065 3244 Pinxit
2101 3203 2154 3244 et
2193 3187 2553 3250 Alexandrum
2596 3189 2673 3241 M.
2707 3190 2917 3242 fulmen

1886 3283 2152 3325 tenentem
2177 3271 2232 3323 in
2257 3265 2483 3342 ephesioe
2500 3271 2684 3323 Dianae
2708 3270 2917 3341 templo

1888 3351 1989 3416 sic,
2003 3363 2063 3404 ut
2084 3351 2284 3404 fulmen
2302 3364 2447 3405 extra
2466 3349 2698 3418 tabulam
2714 3350 2920 3404 micare

1886 3428 2175 3485 videretur.
2196 3432 2417 3503 Inclyta
2436 3433 2649 3502 quoque
2665 3442 2790 3483 suut
2804 3442 2919 3483 tres

1885 3512 1988 3565 illa
2011 3513 2187 3569 linem,
2208 3529 2434 3583 qurum
2455 3510 2761 3564 tenuissima
2783 3510 2921 3563 vicit

1884 3593 2250 3664 Protogenem.
2328 3592 2594 3666 Lysippus
2651 3590 2920 3662 spirant&

1884 3674 2069 3726 vultus
2109 3686 2265 3744 atque
2311 3690 2405 3725 ora
2452 3671 2722 3725 simillima
2773 3670 2920 3723 veris

1885 3753 2067 3820 finxit,
2105 3765 2159 3806 et
2200 3765 2330 3806 teste
2359 3752 2584 3818 Quintil.
2618 3747 2685 3804 ad
2714 3749 2917 3802 verita-

1887 3847 1993 3887 tem
2030 3834 2231 3904 optime
2273 3833 2503 3886 accessit.
2543 3830 2625 3884 Ad
2662 3831 2812 3884 Dcx
2840 3829 2918 3882 si-

1886 3931 2112 3985 gnorum
2143 3932 2302 3985 opera
2334 3913 2567 3966 effecisse
2589 3910 2802 3964 dicitur.

1971 3995 2024 4047 3.
2072 3995 2365 4046 Alcamenis.
2404 3993 2510 4059 Qui
2543 3993 2682 4046 inter
2708 3988 2920 4043 Phidia

1888 4075 2103 4127 aemulos
2114 4071 2489 4126 πίθηαι-ΝΜ.
2505 4073 2642 4125 Plin.
2654 4071 2921 4136 XXXIV,

1894 4159 1954 4221 83
1972 4155 2227 4219 XXXVI,
2248 4154 2276 4206 5
2291 4172 2307 4218 3
2322 4153 2492 4208 Cicer.
2506 4151 2573 4206 de
2589 4154 2656 4206 N.
2674 4154 2740 4204 D.
2757 4152 2804 4215 1,
2818 4152 2913 4204 30.
