3143 5204
724 426 824 497 60
1053 426 1490 495 VALERII
1548 425 1969 495 MAXIMI
2024 426 2216 492 LIB.
2274 425 2499 494 VIII.

844 584 898 625 1.
954 561 1048 626 Μ.
1103 559 1418 626 Horatius
1442 555 1486 639 ¹,
1534 555 1893 626 interfectae
1947 557 2188 624 sororis
2241 557 2519 624 crimine
2571 581 2612 624 a
2658 557 2850 626 Tullo

728 690 884 759 rege
920 664 1302 749 damnatus,
1338 662 1423 730 ad
1461 661 1783 757 populum
1829 676 2188 756 provocato
2219 661 2470 755 judicio
2513 662 2852 732 absolutus

733 784 871 839 est:
902 796 1183 864 quorum
1215 767 1493 838 alterum
1527 770 1837 837 atrocitas
1870 769 2047 838 necis
2075 770 2319 854 movit,
2344 768 2623 838 alterum
2658 794 2855 839 causa

736 876 955 962 flexit;
998 879 1151 970 quia
1195 878 1620 944 immaturum
1665 876 1935 969 virginis
1988 900 2278 943 amorem
2325 899 2552 944 severe
2607 878 2857 970 magiS‚

733 1006 933 1075 quam
997 984 1195 1077 impie
1244 984 1548 1077 punitum
1606 981 2035 1050 existimabat.
2090 984 2320 1074 Itaque
2368 981 2523 1049 forti
2573 984 2858 1075 punitio-

738 1086 855 1155 ne²
886 1087 1160 1157 liberata
1194 1089 1413 1158 fratris
1447 1087 1752 1174 dextera,
1789 1101 2045 1156 tantum
2087 1089 2608 1206 consanguineo,
2650 1111 2860 1181 quan-

737 1210 879 1262 tum
916 1194 1134 1264 hostili
1176 1219 1411 1264 cruore
1455 1193 1679 1289 gloriae
1722 1195 1985 1262 haurire
2025 1195 2258 1287 potuit.

851 1327 915 1369 2.
936 1304 1177 1371 Acrem
1208 1327 1275 1371 se
1301 1315 1458 1370 tunc
1486 1300 1813 1396 pudicitiae
1842 1299 2181 1370 custodem
2206 1299 2490 1431 populus
2518 1323 2866 1383 romanuS,

740 1421 964 1502 postea
993 1407 1143 1501 plus
1167 1409 1346 1502 justo
1371 1405 1700 1503 placidum
1727 1406 2016 1499 judicem
2049 1392 2426 1524 praestitit-³:
2444 1431 2661 1499 quum
2692 1431 2733 1474 a
2762 1408 2872 1475 Li·

740 1515 914 1584 bone
948 1514 1216 1582 tribuno
1264 1513 1470 1609 plebis
1511 1516 1646 1582 Ser.
1700 1501 1956 1583 Galba⁴
1996 1538 2121 1607 pro
2167 1514 2392 1581 rostris
2444 1513 2872 1581 vehementer

738 1624 1232 1714 increparetur,
1269 1619 1449 1715 quod
1494 1622 1960 1689 Lusitanorum
2005 1643 2315 1715 magnam
2355 1643 2625 1687 manum
2666 1621 2873 1687 inter-

738 1729 949 1822 posita
981 1725 1111 1795 fide
1134 1740 1377 1820 praetor
1410 1729 1477 1794 in
1507 1728 1826 1821 Hispania
1861 1728 2327 1813 interemisset,
2349 1727 2719 1818 actionique
2754 1727 2874 1794 tri·

742 1833 1010 1902 bunitiae
1046 1834 1142 1900 M.
1192 1836 1361 1902 Cato
1412 1832 1655 1901 ultimae
1696 1834 2086 1922 senectutis,
2126 1835 2423 1902 oratione
2467 1856 2583 1901 sua
2608 1885 2628 1919 ,
2669 1855 2874 1925 quam

744 1942 812 2007 in
856 1939 1163 2033 Origines
1214 1938 1473 2024 retulit,
1519 1938 2014 2008 subscriberet.
2060 1964 2211 2008 reus
2254 1964 2376 2068 plo
2423 1963 2491 2007 se
2526 1938 2666 2057 jam
2710 1936 2877 2006 nihil

747 2069 1091 2132 recusans,
1138 2044 1451 2141 parvulos
1506 2044 1747 2114 liberos
1792 2071 1981 2135 suOS,
2023 2060 2091 2115 et
2134 2031 2355 2116 Galli⁵
2394 2046 2710 2139 sanguine
2749 2043 2879 2113 sibi

746 2153 1174 2245 conjunctum
1208 2151 1448 2239 filium,
1485 2152 1649 2221 flens
1687 2152 2151 2222 commendare
2187 2154 2425 2246 coepit;
2452 2175 2662 2245 eoque
2698 2150 2882 2220 facto

841 2385 861 2418 1
879 2407 892 2418 .
911 2367 1165 2418 Horatius.
1182 2367 1261 2418 De
1276 2365 1369 2419 illo
1385 2364 1493 2418 vid.
1519 2385 1638 2438 sup.
1653 2379 1769 2438 cap.

751 2445 819 2498 de
848 2446 1084 2510 severit.;
1113 2446 1335 2515 Dionys.
1360 2447 1462 2510 111,
1500 2466 1566 2499 υ
1583 2486 1599 2512 ,
1628 2446 1769 2499 Flor.

752 2526 805 2587 1,
830 2525 881 2577 3.
908 2526 1042 2585 Lex,
1069 2544 1173 2596 qua
1197 2523 1476 2578 damnatus
1502 2538 1607 2590 est,
1628 2537 1741 2578 erat
1757 2544 1773 2577 τ

759 2632 782 2652 ι
830 2605 1112 2657 Duumviri
1155 2605 1577 2676 perduellionem
1628 2605 1775 2677 judi-

755 2697 876 2736 cent
907 2703 921 2737 :
962 2685 1006 2735 si
1037 2703 1067 2737 a
1100 2682 1395 2738 duumviris
1438 2686 1774 2757 provocarit,

753 2764 1129 2833 provocatione
1168 2776 1364 2817 certato
1394 2783 1408 2817 τ
1444 2766 1485 2817 si
1526 2767 1775 2829 vincent,

755 2855 916 2913 caput
944 2843 1203 2895 obnubito
1220 2882 1237 2908 ,
1255 2844 1456 2897 infelici
1479 2847 1667 2898 arbore
1692 2865 1776 2898 re-

757 2936 835 2975 ste
857 2921 1189 3014 suspenditO,
1207 2926 1509 2989 verberato,
1526 2924 1612 2978 vel
1640 2925 1779 2977 intra

756 3003 1099 3074 pomoerium‚
1125 3004 1205 3055 vel
1230 3016 1373 3056 extra
1395 3008 1770 3075 pomoerium.»

758 3115 837 3123 —
855 3083 1123 3136 provocato
1135 3084 1333 3152 judicio.
1353 3084 1591 3137 Insolens
1616 3086 1779 3156 phra-

760 3162 828 3213 sis
851 3181 1110 3232 provocare
1141 3164 1401 3233 judiciem,
1440 3184 1603 3235 quare
1632 3165 1781 3218 Peri·

761 3242 947 3294 zonius
972 3241 1161 3311 judicio
1194 3241 1370 3296 delere
1412 3245 1593 3308 malit,
1625 3257 1687 3297 ut
1714 3246 1784 3298 sit

756 3333 1015 3392 provocato
1032 3322 1294 3393 eleganter
1309 3322 1510 3376 dictum
1530 3344 1633 3396 pro
1646 3338 1781 3395 post·

763 3421 903 3472 quam
927 3416 1249 3472 provocasset,
1285 3417 1347 3457 ut
1371 3402 1514 3476 apud
1545 3406 1783 3471 Livium,

762 3482 984 3548 xxm,
1033 3487 1122 3544 14.
1167 3481 1271 3535 Sed
1303 3498 1561 3553 provocato
1600 3486 1787 3556 judicio

762 3575 972 3614 servant
990 3579 1174 3614 omnes
1194 3561 1350 3616 codd.
1369 3564 1704 3619 Torreniani.

850 3661 900 3694 α.
945 3642 1219 3695 punitione.
1246 3643 1354 3708 Qui
1384 3645 1592 3698 fortiter
1629 3645 1785 3717 puni-

767 3735 913 3774 verat
951 3721 1378 3793 intempestivum
1412 3725 1609 3778 sororis
1643 3744 1787 3777 amo-

768 3819 919 3854 rem:
946 3819 1070 3853 nam
1097 3807 1287 3872 punitio
1317 3805 1484 3857 active
1525 3806 1788 3870 sumitur,

769 3898 879 3932 non
918 3882 1140 3951 passive.
1177 3913 1257 3923 -—-
1300 3883 1543 3937 Liberata.
1580 3885 1789 3954 Lipsius

771 3959 977 4013 librata:
1005 3980 1162 4031 quam
1185 3965 1540 4033 conjecturam
1568 3966 1790 4017 Colerus

770 4051 966 4092 temere
1010 4041 1065 4093 in
1104 4054 1308 4096 textum
1352 4046 1582 4116 recepit,
1626 4063 1790 4114 quum

775 4119 976 4171 liberata
990 4139 1098 4174 non
1112 4125 1283 4176 solum
1306 4122 1361 4176 in
1380 4125 1627 4179 omnibus
1642 4124 1793 4177 libris

1859 2367 1927 2419 sit
1941 2406 1954 2426 ,
1983 2364 2074 2419 sed
2096 2366 2252 2419 etiam
2273 2366 2534 2438 optimum
2557 2362 2746 2417 habeat
2758 2381 2886 2415 sen-

1859 2465 1996 2498 sum.
2019 2445 2243 2496 Liberata
2260 2457 2338 2498 est
2355 2465 2455 2516 pro
2473 2444 2718 2508 absoluta,
2738 2454 2799 2494 ut
2826 2442 2886 2493 in

1861 2526 1969 2578 fine
1996 2526 2153 2596 hujus
2182 2525 2369 2597 capitis
2404 2524 2605 2576 liberare
2634 2535 2687 2576 et
2712 2526 2888 2593 pimin-

1861 2619 2224 2678 opponuntur.

1946 2687 2000 2740 3.
2041 2688 2294 2738 Praestitit.
2337 2686 2438 2744 An.
2475 2685 2546 2737 U.
2589 2686 2722 2748 604.
2763 2682 2887 2736 Liv.

1863 2767 2069 2830 XLIX;
2092 2765 2206 2819 Cic.
2227 2765 2296 2818 de
2312 2764 2406 2817 Or.
2429 2766 2457 2816 1
2474 2803 2490 2827 ‚
2519 2763 2624 2828 533
2650 2764 2709 2816 in
2735 2764 2888 2816 Brut.

1871 2848 1972 2908 23;
2001 2864 2101 2917 pro
2127 2846 2381 2907 Murena,
2410 2846 2509 2909 283
2533 2841 2599 2895 ad
2620 2844 2730 2895 Att.
2751 2843 2892 2907 ΧΠ,

1871 2925 1933 2990 5;
1956 2924 2186 2991 Quintil.
2219 2926 2303 2987 11,
2337 2924 2421 2977 15.

1948 3013 2001 3069 4.
2052 3004 2232 3058 Galba.
2273 3004 2375 3056 Hic
2408 3016 2513 3066 est,
2545 3003 2588 3054 si
2626 3002 2896 3055 Glareano

1866 3083 2130 3146 creditur,
2162 3085 2255 3154 qui
2278 3083 2459 3136 consul
2488 3082 2591 3135 fuit
2609 3101 2749 3134 anno
2776 3081 2892 3135 588

1868 3183 1988 3217 cum
2011 3165 2090 3217 M.
2110 3161 2337 3216 Claudio
2362 3162 2613 3214 Marcello
2628 3200 2645 3225 ,
2670 3181 2781 3233 quo
2806 3179 2901 3213 an·

1869 3262 1944 3296 no
1960 3244 2197 3296 Terentii
2214 3241 2415 3295 Andria
2440 3240 2582 3294 edita
2603 3253 2707 3307 est,
2722 3241 2896 3293 bello·

1870 3342 1974 3395 que
2028 3321 2369 3376 macedonico
2411 3319 2659 3374 adversus
2705 3322 2896 3374 Persea

1870 3403 2089 3474 eclipsin
2121 3403 2245 3455 solis
2275 3400 2539 3473 proedixit.
2582 3402 2706 3453 Non
2736 3418 2901 3464 vero,

1872 3496 1934 3535 ut
1964 3482 2232 3535 Oliverius
2271 3483 2416 3547 vult,
2456 3481 2644 3534 missus
2684 3493 2763 3533 est
2801 3475 2902 3532 ad-

1874 3582 2055 3617 versus
2079 3563 2357 3616 Lusitanos
2374 3563 2467 3632 qui
2485 3560 2705 3614 Sertorii
2725 3571 2906 3631 partes

1874 3643 2084 3715 sequuti
2125 3656 2274 3695 erant
2290 3680 2307 3707 ,
2335 3661 2456 3696 nam
2484 3642 2604 3713 plus
2629 3639 2906 3710 sexaginta

1875 3723 2028 3776 annis
2047 3735 2167 3775 ante
2181 3723 2542 3775 Sertorianum
2557 3721 2612 3773 in
2629 3720 2907 3773 Lusitania

1875 3804 2076 3856 bellum
2103 3801 2287 3855 consul
2315 3802 2433 3855 fuit.

1964 3882 2016 3936 5.
2060 3882 2216 3936 Galli.
2251 3881 2361 3935 Cic.
2391 3882 2419 3933 1
2456 3880 2523 3933 de
2556 3879 2652 3933 Or.
2685 3890 2904 3932 narrat:

1881 3965 1942 4017 C.
1977 3963 2190 4034 Sulpitii
2214 3961 2387 4026 Galli,
2411 3959 2704 4032 propinqui
2732 3959 2813 4011 sui
2841 3959 2907 4010 fi-

1879 4044 2011 4095 lium
2044 4043 2340 4113 pupillum,
2381 4043 2437 4094 in
2470 4041 2719 4094 humeros
2754 4038 2908 4091 illum

1881 4123 2142 4177 extulisse.
