3143 5204
732 360 823 431 16
1091 358 1533 428 VALERII
1592 359 2002 426 MAXIMI
2057 361 2249 427 LIB.
2307 359 2488 429 vll.

719 517 929 588 quum
960 490 1278 560 adversus
1315 484 1791 582 rempublicam
1825 488 2478 560 Lacedaemoniorum
2511 494 2847 588 conspira-

722 601 973 668 tionem
1009 612 1223 666 ortam
1260 608 1464 663 noctu
1498 596 1961 689 comperisset,
2001 594 2177 690 leges
2208 599 2498 692 Lycurgi
2532 585 2863 670 continuo

726 705 1110 799 abrogavit,
1132 726 1277 797 quae
1313 700 1397 769 de
1435 699 1831 769 indemnatis
1866 700 2261 796 supplicium
2298 707 2468 773 sumi
2502 706 2849 794 vetabant3

728 810 1222 905 comprehensis
1277 812 1498 876 autem
1561 821 1630 875 et
1682 808 2042 877 interfectis
2103 811 2402 880 sontibus
2423 863 2443 896 ,
2495 811 2763 880 easdem
2813 837 2851 880 e

732 918 1008 1012 vestigio
1038 916 1353 1002 restituit3
1389 929 1585 1007 atque
1627 926 1983 1008 utrumque
2025 915 2217 984 simul
2255 916 2574 1011 providit,
2617 943 2703 986 ne
2750 943 2853 988 sa·

734 1024 961 1093 lutaris
992 1020 1474 1091 animadversio
1509 1017 1614 1088 vel
1654 1019 1895 1114 injusta
1931 1035 2134 1108 esset,
2170 1022 2276 1092 vel
2312 1023 2462 1115 jure.
2501 1024 2852 1119 impedire-

736 1146 877 1200 tur:
903 1133 1120 1225 itaque
1145 1143 1221 1197 ut
1241 1151 1499 1221 semper
1531 1151 1673 1196 esse
1695 1142 1965 1220 possent
1980 1181 1999 1215 ,
2026 1126 2377 1222 aliquando
2400 1154 2537 1198 non
2560 1129 2853 1200 fuerunt.

854 1235 965 1306 16.
1004 1235 1134 1306 Sed
1165 1236 1415 1321 neseio,
1456 1257 1541 1301 an
1578 1233 1919 1304 Hannonis
1948 1232 2500 1305 excellentissimae
2518 1234 2536 1259 ¹
2574 1236 2858 1331 pruden-

736 1343 842 1412 tiae
900 1340 1244 1413 consilium
1283 1367 1301 1409 ε
1348 1343 1638 1435 Magone
1699 1341 1876 1409 enim
1925 1342 2269 1412 cannensis
2316 1367 2555 1438 pugnae
2604 1345 2857 1413 exitum

738 1450 992 1519 senatui
1026 1452 1382 1518 Poenorum
1419 1447 1798 1536 nuntiante,
1833 1449 2031 1543 inque
2073 1450 2239 1517 tanti
2281 1474 2619 1519 successus
2653 1450 2857 1519 fidem

738 1555 1018 1626 annulos
1057 1577 1290 1624 aureos
1318 1555 1516 1623 trium
1550 1553 1922 1624 modiorum
1947 1572 2325 1624 mensuram
2354 1554 2689 1651 explentes
2716 1556 2861 1625 fun-

738 1662 935 1731 dente
954 1716 973 1750 ,
1012 1664 1125 1756 qui
1162 1659 1520 1730 interfectis
1558 1663 1798 1730 nostris
1832 1662 2085 1740 civibus
2121 1660 2397 1732 detracti
2427 1677 2651 1747 erant,
2680 1688 2860 1758 quae-

740 1769 891 1839 sivit
908 1820 928 1856 ,
976 1792 1072 1837 au
1116 1770 1366 1862 aliquis
1410 1772 1746 1836 sociorum
1774 1784 1949 1863 post
1993 1785 2260 1837 tantam
2303 1768 2567 1838 cladem
2620 1793 2670 1836 a
2719 1773 2860 1839 Ro-

734 1880 961 1943 manis
992 1874 1358 1965 dejecisset
1381 1899 1402 1940 .·
1440 1888 1638 1967 atque
1678 1889 1753 1942 ut
1796 1874 2077 1962 audivit,
2119 1877 2451 1945 neminem
2495 1875 2579 1944 ad
2617 1878 2864 1944 Hanni-

736 1978 953 2050 balem
1002 1982 1344 2068 transisse,
1389 1981 1591 2048 suasit
1633 1982 1970 2075 protinus,
1998 1997 2077 2049 ut
2116 1983 2332 2077 legati
2365 1986 2692 2069 Romam,
2721 2007 2867 2077 per

734 2112 909 2182 quos
945 2087 1033 2156 de
1057 2112 1252 2184 pace
1301 2102 1653 2181 ageretur,
1709 2092 2144 2157 mitterentur.
2190 2089 2396 2182 Cujus
2439 2091 2492 2158 si
2534 2090 2863 2159 sententia

734 2192 1045 2263 valuisset
1062 2248 1081 2282 ,
1129 2219 1346 2288 neque
1390 2193 1682 2263 secundo
1730 2196 1975 2290 punico
2030 2192 2204 2265 bello
2258 2194 2435 2264 victa
2478 2195 2823 2290 Carthago
2841 2250 2862 2283 ,

733 2326 949 2396 neque
994 2302 1190 2370 tertio
1225 2300 1439 2369 deleta
1475 2300 1665 2369 foret.
2054 2392 2058 2397 .

852 2433 874 2476 1
895 2433 961 2503 7.
1005 2409 1110 2476 Ne
1150 2410 1475 2475 Samnites
1510 2406 1776 2499 quidem
1819 2431 2057 2502 parvas
2098 2432 2326 2501 poenas
2363 2407 2721 2477 consimilis
2758 2434 2864 2477 er-

732 2515 899 2583 roris
943 2513 1438 2609 pependerunt,
1479 2511 1660 2608 quod
1696 2514 2013 2581 Herennii
2050 2515 2266 2583 Pontii
2307 2512 2590 2584 salutare
2634 2517 2865 2585 consi-

728 2619 893 2689 lium
932 2620 1369 2715 neglexerunt
1392 2617 1414 2644 ²
1455 2645 1470 2687 ε
1510 2621 1622 2714 qui
1666 2621 2055 2695 auctoritate
2103 2636 2170 2689 et
2212 2621 2560 2716 prudentia
2589 2637 2865 2691 caeteros

732 2742 1087 2822 praestans,
1145 2729 1230 2796 ab
1277 2728 1568 2797 exercitu
1616 2742 1681 2795 et
1730 2728 1870 2821 ejus
1921 2727 2090 2798 duce
2132 2725 2268 2798 filio
2313 2754 2433 2797 suo
2481 2728 2867 2816 consultuS,

731 2834 1060 2928 quidnam
1075 2835 1261 2924 fieri
1284 2834 1371 2903 de
1413 2832 1788 2928 legionibus
1824 2840 2128 2903 romanis
2169 2835 2368 2931 apud
2397 2839 2668 2904 Furcas
2695 2839 2869 2908 Cau-

730 2941 937 3010 dinas
974 2943 1252 3010 inclusis
1289 2941 1567 3010 deberet
1584 2994 1603 3028 ,
1643 2941 2012 3011 inviolatas
2037 2941 2476 3011 dimittendas
2502 2941 2865 3036 respondit.

732 3050 1005 3116 Postero
1051 3048 1155 3116 die
1206 3047 1436 3116 eadem
1477 3046 1560 3115 de
1601 3072 1673 3116 re
1713 3049 2189 3142 interrogatuS,
2237 3048 2452 3118 deleri
2485 3072 2611 3117 eas
2652 3074 2866 3145 opor-

732 3169 874 3222 tere
898 3153 1065 3222 dixit
1102 3180 1117 3221 :
1162 3167 1239 3221 ut
1279 3169 1394 3222 aut
1434 3156 1725 3223 maximo
1765 3154 2087 3223 beneficio
2120 3157 2329 3249 gratia
2354 3155 2647 3224 hostium
2684 3179 2867 3224 eme-

733 3275 944 3347 retur,
982 3276 1097 3329 aut
1146 3261 1537 3355 gravissima
1573 3262 1836 3355 jactura
1872 3263 2043 3329 vires
2081 3260 2678 3355 confringerentur.
2731 3261 2867 3330 Sed

731 3486 936 3536 rentur,
947 3472 1201 3543 tantisper
1214 3472 1434 3538 sublata,
1450 3469 1581 3524 dnm
1595 3470 1759 3526 iidem
1844 3472 1960 3525 silai
1994 3473 2294 3545 exemplum
2331 3473 2665 3544 spectaverit,
2698 3491 2868 3543 quum

732 3554 1145 3607 absolverentur.
1844 3550 1979 3604 illud
1999 3553 2278 3606 consilium
2296 3553 2512 3606 excellat
2526 3553 2666 3605 inter
2686 3553 2872 3605 omnia

820 3654 868 3687 1.
910 3632 1355 3686 Excellentissimoe.
1397 3632 1547 3703 Pigh.
1577 3651 1606 3684 e
1637 3630 1756 3684 cod.
1841 3635 1947 3702 jam
1984 3646 2292 3686 memorata.
2329 3666 2408 3675 —
2450 3633 2728 3685 consiliunt.
2760 3634 2867 3685 An.

734 3715 921 3786 Camp.
958 3712 1168 3783 scripsit
1204 3712 1570 3772 excellentioris,
1613 3710 1759 3782 quod
1846 3713 1915 3765 U.
1937 3712 2069 3782 537.
2090 3713 2205 3765 Liv.
2230 3713 2435 3765 XXIII.
2459 3714 2701 3766 Zonaras.
2726 3712 2872 3764 Han-

732 3793 1181 3865 comparationem
1200 3793 1370 3845 facere
1386 3789 1625 3844 videatur
1638 3792 1761 3844 facti
1846 3811 1917 3844 no
1944 3791 2159 3846 factioni
2185 3791 2420 3845 Barcinae
2451 3794 2670 3862 ejusque
2691 3792 2870 3845 oonsi-

733 3866 1013 3926 Haunonis
1038 3891 1159 3925 cum
1183 3872 1321 3925 facto
1350 3871 1607 3946 Agesilai.
1623 3870 1754 3936 Sed,
1844 3872 1930 3925 liis
1955 3891 2159 3943 semper
2183 3872 2286 3924 fuit
2314 3870 2657 3925 adversarius.

727 3950 908 4023 judice
937 3953 1230 4017 Torrenio,
1259 3970 1369 4004 non
1398 3970 1531 4022 opus
1563 3964 1673 4015 est,
1701 3964 1760 4004 ut
1931 3973 1982 4005 2.
2015 3953 2358 4022 Neglexerunt.
2377 3953 2479 4004 An.
2497 3953 2566 4006 U.
2593 3952 2722 4017 432.
2747 3952 2867 4004 Liv.

732 4032 1078 4103 solum‚quod
1095 4032 1334 4104 proxime
1350 4029 1618 4104 praecedit,
1629 4033 1760 4101 Age·
1846 4033 1926 4084 lx
1944 4071 1960 4098 ,
1997 4033 2026 4085 3
2047 4052 2062 4098 ;
2094 4032 2237 4085 Flor.
2268 4033 2323 4098 1,
2363 4052 2382 4084 1
2397 4036 2448 4085 6.
