<?xml version="1.0" encoding="UTF-8"?>
<!DOCTYPE html PUBLIC "-//W3C//DTD XHTML 1.0 Transitional//EN"
    "http://www.w3.org/TR/xhtml1/DTD/xhtml1-transitional.dtd">
<html xmlns="http://www.w3.org/1999/xhtml" xml:lang="en" lang="en">
 <head>
  <title>
</title>
<meta http-equiv="Content-Type" content="text/html;charset=utf-8" />
  <meta name='ocr-system' content='tesseract 3.04.00' />
  <meta name='ocr-capabilities' content='ocr_page ocr_carea ocr_par ocr_line ocrx_word'/>
</head>
<body>
  <div class='ocr_page' id='page_1' title='image "./valeriusmaximus02lykogoog_0141.png"; bbox 0 0 3143 5204; ppageno 0'>
   <div class='ocr_carea' id='block_1_1' title="bbox 715 462 2331 558">
    <p class='ocr_par' dir='ltr' id='par_1_1' title="bbox 715 462 2331 558">
     <span class='ocr_line' id='line_1_1' title="bbox 715 462 2331 558; baseline -0.001 -26"><span class='ocrx_word' id='word_1_1' title='bbox 715 464 928 532; x_wconf 87' lang='lat' dir='ltr'>CAP.</span> <span class='ocrx_word' id='word_1_2' title='bbox 986 464 1153 549; x_wconf 77' lang='lat' dir='ltr'>XV,</span> <span class='ocrx_word' id='word_1_3' title='bbox 1211 462 1837 531; x_wconf 77' lang='lat' dir='ltr'><strong>MAGNIFICA.</strong></span> <span class='ocrx_word' id='word_1_4' title='bbox 2196 487 2331 558; x_wconf 82' lang='lat'>127</span> 
     </span>
    </p>
   </div>
   <div class='ocr_carea' id='block_1_2' title="bbox 214 593 2353 2610">
    <p class='ocr_par' dir='ltr' id='par_1_2' title="bbox 214 593 2334 796">
     <span class='ocr_line' id='line_1_2' title="bbox 216 593 2334 690; baseline 0 -26"><span class='ocrx_word' id='word_1_5' title='bbox 216 610 526 690; x_wconf 83' lang='lat' dir='ltr'>usurpat:</span> <span class='ocrx_word' id='word_1_6' title='bbox 579 593 861 663; x_wconf 89' lang='lat' dir='ltr'>alterum</span> <span class='ocrx_word' id='word_1_7' title='bbox 916 618 1177 663; x_wconf 89' lang='lat' dir='ltr'>summo</span> <span class='ocrx_word' id='word_1_8' title='bbox 1226 594 1650 688; x_wconf 87' lang='lat' dir='ltr'>subjungitur</span> <span class='ocrx_word' id='word_1_9' title='bbox 1695 594 2156 682; x_wconf 85' lang='lat' dir='ltr'>ornamento¹‚</span> <span class='ocrx_word' id='word_1_10' title='bbox 2204 611 2334 664; x_wconf 86' lang='lat' dir='ltr'>tam</span> 
     </span>
     <span class='ocr_line' id='line_1_3' title="bbox 214 699 1996 796; baseline -0.001 -25"><span class='ocrx_word' id='word_1_11' title='bbox 214 701 578 788; x_wconf 86' lang='lat' dir='ltr'>celeritate,</span> <span class='ocrx_word' id='word_1_12' title='bbox 614 725 814 795; x_wconf 88' lang='lat' dir='ltr'>quam</span> <span class='ocrx_word' id='word_1_13' title='bbox 853 702 1178 796; x_wconf 89' lang='lat' dir='ltr'>principio</span> <span class='ocrx_word' id='word_1_14' title='bbox 1213 700 1595 771; x_wconf 86' lang='lat' dir='ltr'>consulatus</span> <span class='ocrx_word' id='word_1_15' title='bbox 1630 699 1996 794; x_wconf 88' lang='lat' dir='ltr'>gloriando.</span> 
     </span>
    </p>

    <p class='ocr_par' dir='ltr' id='par_1_3' title="bbox 214 805 2340 1329">
     <span class='ocr_line' id='line_1_4' title="bbox 317 805 2336 902; baseline -0 -24"><span class='ocrx_word' id='word_1_16' title='bbox 317 807 389 878; x_wconf 88' lang='lat'>6.</span> <span class='ocrx_word' id='word_1_17' title='bbox 428 812 520 878; x_wconf 85' lang='lat' dir='ltr'>At</span> <span class='ocrx_word' id='word_1_18' title='bbox 561 833 648 877; x_wconf 87' lang='lat' dir='ltr'>ne</span> <span class='ocrx_word' id='word_1_19' title='bbox 690 808 775 897; x_wconf 90' lang='lat' dir='ltr'>Q.</span> <span class='ocrx_word' id='word_1_20' title='bbox 820 808 1086 902; x_wconf 87' lang='lat' dir='ltr'>quidem</span> <span class='ocrx_word' id='word_1_21' title='bbox 1134 805 1512 895; x_wconf 82' lang='lat' dir='ltr'>Scaevolae²‚</span> <span class='ocrx_word' id='word_1_22' title='bbox 1562 832 1761 902; x_wconf 90' lang='lat' dir='ltr'>quem</span> <span class='ocrx_word' id='word_1_23' title='bbox 1814 811 1890 876; x_wconf 95' lang='lat' dir='ltr'>L.</span> <span class='ocrx_word' id='word_1_24' title='bbox 1944 810 2223 877; x_wconf 80' lang='lat' dir='ltr'>Crassus</span> <span class='ocrx_word' id='word_1_25' title='bbox 2272 812 2336 877; x_wconf 86' lang='lat' dir='ltr'>in</span> 
     </span>
     <span class='ocr_line' id='line_1_5' title="bbox 215 912 2335 1010; baseline -0.001 -25"><span class='ocrx_word' id='word_1_26' title='bbox 215 914 566 985; x_wconf 85' lang='lat' dir='ltr'>consulatu</span> <span class='ocrx_word' id='word_1_27' title='bbox 629 913 949 1009; x_wconf 81' lang='lat' dir='ltr'>collegam</span> <span class='ocrx_word' id='word_1_28' title='bbox 1006 914 1237 985; x_wconf 87' lang='lat' dir='ltr'>habuit</span> <span class='ocrx_word' id='word_1_29' title='bbox 1257 968 1276 1001; x_wconf 93' lang='lat'>‚</span> <span class='ocrx_word' id='word_1_30' title='bbox 1329 913 1536 1009; x_wconf 83' lang='lat' dir='ltr'>gloria</span> <span class='ocrx_word' id='word_1_31' title='bbox 1579 938 1813 1008; x_wconf 89' lang='lat' dir='ltr'>parum</span> <span class='ocrx_word' id='word_1_32' title='bbox 1857 912 2121 983; x_wconf 89' lang='lat' dir='ltr'>illustris</span> <span class='ocrx_word' id='word_1_33' title='bbox 2158 940 2174 981; x_wconf 91' lang='lat'>:</span> <span class='ocrx_word' id='word_1_34' title='bbox 2229 919 2335 1010; x_wconf 90' lang='lat' dir='ltr'>qui</span> 
     </span>
     <span class='ocr_line' id='line_1_6' title="bbox 214 1020 2340 1108; baseline -0.001 -17"><span class='ocrx_word' id='word_1_35' title='bbox 214 1024 437 1092; x_wconf 82' lang='lat' dir='ltr'>Asiam</span> <span class='ocrx_word' id='word_1_36' title='bbox 474 1036 608 1091; x_wconf 89' lang='lat' dir='ltr'>tam</span> <span class='ocrx_word' id='word_1_37' title='bbox 636 1036 860 1091; x_wconf 85' lang='lat' dir='ltr'>sancte</span> <span class='ocrx_word' id='word_1_38' title='bbox 883 1036 950 1091; x_wconf 88' lang='lat' dir='ltr'>et</span> <span class='ocrx_word' id='word_1_39' title='bbox 975 1035 1114 1091; x_wconf 85' lang='lat' dir='ltr'>tam</span> <span class='ocrx_word' id='word_1_40' title='bbox 1133 1023 1393 1091; x_wconf 86' lang='lat' dir='ltr'>fortiter</span> <span class='ocrx_word' id='word_1_41' title='bbox 1420 1020 1738 1108; x_wconf 85' lang='lat' dir='ltr'>obtinuit,</span> <span class='ocrx_word' id='word_1_42' title='bbox 1767 1034 1842 1089; x_wconf 93' lang='lat' dir='ltr'>ut</span> <span class='ocrx_word' id='word_1_43' title='bbox 1875 1036 2137 1090; x_wconf 84' lang='lat' dir='ltr'>senatus</span> <span class='ocrx_word' id='word_1_44' title='bbox 2165 1021 2340 1090; x_wconf 90' lang='lat' dir='ltr'>dein·</span> 
     </span>
     <span class='ocr_line' id='line_1_7' title="bbox 215 1126 2337 1224; baseline -0.001 -26"><span class='ocrx_word' id='word_1_45' title='bbox 215 1154 369 1224; x_wconf 86' lang='lat' dir='ltr'>ceps</span> <span class='ocrx_word' id='word_1_46' title='bbox 414 1130 483 1198; x_wconf 89' lang='lat' dir='ltr'>in</span> <span class='ocrx_word' id='word_1_47' title='bbox 525 1153 672 1198; x_wconf 84' lang='lat' dir='ltr'>eam</span> <span class='ocrx_word' id='word_1_48' title='bbox 717 1129 1127 1224; x_wconf 87' lang='lat' dir='ltr'>provinciam</span> <span class='ocrx_word' id='word_1_49' title='bbox 1168 1129 1358 1198; x_wconf 87' lang='lat' dir='ltr'>ituris</span> <span class='ocrx_word' id='word_1_50' title='bbox 1396 1126 1919 1222; x_wconf 74' lang='lat' dir='ltr'>magistratibuS‚</span> <span class='ocrx_word' id='word_1_51' title='bbox 1966 1127 2337 1222; x_wconf 87' lang='lat' dir='ltr'>exemplum</span> 
     </span>
     <span class='ocr_line' id='line_1_8' title="bbox 215 1232 2337 1329; baseline -0.001 -26"><span class='ocrx_word' id='word_1_52' title='bbox 215 1251 413 1329; x_wconf 87' lang='lat' dir='ltr'>atque</span> <span class='ocrx_word' id='word_1_53' title='bbox 458 1235 741 1304; x_wconf 90' lang='lat' dir='ltr'>formam</span> <span class='ocrx_word' id='word_1_54' title='bbox 789 1233 966 1304; x_wconf 88' lang='lat' dir='ltr'>offici</span> <span class='ocrx_word' id='word_1_55' title='bbox 974 1237 992 1302; x_wconf 97' lang='lat' dir='ltr'>i</span> <span class='ocrx_word' id='word_1_56' title='bbox 1033 1232 1393 1305; x_wconf 83' lang='lat' dir='ltr'>Scaevolam</span> <span class='ocrx_word' id='word_1_57' title='bbox 1437 1232 1706 1304; x_wconf 87' lang='lat' dir='ltr'>decreto</span> <span class='ocrx_word' id='word_1_58' title='bbox 1755 1259 1875 1302; x_wconf 90' lang='lat' dir='ltr'>suo</span> <span class='ocrx_word' id='word_1_59' title='bbox 1920 1250 2337 1329; x_wconf 82' lang='lat' dir='ltr'>proponeret.</span> 
     </span>
    </p>

    <p class='ocr_par' dir='ltr' id='par_1_4' title="bbox 214 1327 2353 2610">
     <span class='ocr_line' id='line_1_9' title="bbox 321 1327 2339 1437; baseline -0.001 -27"><span class='ocrx_word' id='word_1_60' title='bbox 321 1366 391 1437; x_wconf 89' lang='lat'>7.</span> <span class='ocrx_word' id='word_1_61' title='bbox 438 1342 779 1413; x_wconf 81' lang='lat' dir='ltr'>Inhaerent</span> <span class='ocrx_word' id='word_1_62' title='bbox 828 1340 919 1410; x_wconf 88' lang='lat' dir='ltr'>illi</span> <span class='ocrx_word' id='word_1_63' title='bbox 962 1327 1146 1410; x_wconf 81' lang='lat' dir='ltr'>voci³</span> <span class='ocrx_word' id='word_1_64' title='bbox 1197 1341 1580 1436; x_wconf 88' lang='lat' dir='ltr'>posterioris</span> <span class='ocrx_word' id='word_1_65' title='bbox 1629 1340 1921 1409; x_wconf 88' lang='lat' dir='ltr'>Africani</span> <span class='ocrx_word' id='word_1_66' title='bbox 1971 1356 2220 1435; x_wconf 82' lang='lat' dir='ltr'>septem</span> <span class='ocrx_word' id='word_1_67' title='bbox 2260 1345 2339 1410; x_wconf 91' lang='lat' dir='ltr'>C.</span> 
     </span>
     <span class='ocr_line' id='line_1_10' title="bbox 216 1436 2344 1542; baseline -0 -25"><span class='ocrx_word' id='word_1_68' title='bbox 216 1450 412 1517; x_wconf 83' lang='lat' dir='ltr'>Marii</span> <span class='ocrx_word' id='word_1_69' title='bbox 449 1447 865 1535; x_wconf 78' lang='lat' dir='ltr'>consulatuS‚</span> <span class='ocrx_word' id='word_1_70' title='bbox 891 1471 970 1516; x_wconf 89' lang='lat' dir='ltr'>ac</span> <span class='ocrx_word' id='word_1_71' title='bbox 1010 1448 1145 1517; x_wconf 89' lang='lat' dir='ltr'>duo</span> <span class='ocrx_word' id='word_1_72' title='bbox 1178 1473 1282 1518; x_wconf 90' lang='lat' dir='ltr'>am</span> <span class='ocrx_word' id='word_1_73' title='bbox 1334 1447 1559 1517; x_wconf 87' lang='lat' dir='ltr'>lissimi</span> <span class='ocrx_word' id='word_1_74' title='bbox 1598 1436 1965 1541; x_wconf 73' lang='lat' dir='ltr'>triumphi⁴;</span> <span class='ocrx_word' id='word_1_75' title='bbox 1998 1447 2083 1516; x_wconf 91' lang='lat' dir='ltr'>ad</span> <span class='ocrx_word' id='word_1_76' title='bbox 2110 1463 2344 1542; x_wconf 85' lang='lat' dir='ltr'>rogum</span> 
     </span>
     <span class='ocr_line' id='line_1_11' title="bbox 214 1553 2343 1650; baseline -0 -28"><span class='ocrx_word' id='word_1_77' title='bbox 214 1557 390 1623; x_wconf 90' lang='lat' dir='ltr'>enim</span> <span class='ocrx_word' id='word_1_78' title='bbox 425 1579 636 1649; x_wconf 91' lang='lat' dir='ltr'>usque</span> <span class='ocrx_word' id='word_1_79' title='bbox 665 1554 906 1650; x_wconf 83' lang='lat' dir='ltr'>gaudio</span> <span class='ocrx_word' id='word_1_80' title='bbox 941 1553 1294 1625; x_wconf 81' lang='lat' dir='ltr'>exsultavit</span> <span class='ocrx_word' id='word_1_81' title='bbox 1333 1553 1586 1648; x_wconf 91' lang='lat' dir='ltr'>‚quod‚</span> <span class='ocrx_word' id='word_1_82' title='bbox 1705 1579 1818 1622; x_wconf 91' lang='lat' dir='ltr'>um</span> <span class='ocrx_word' id='word_1_83' title='bbox 1848 1554 2027 1648; x_wconf 87' lang='lat' dir='ltr'>apud</span> <span class='ocrx_word' id='word_1_84' title='bbox 2045 1555 2343 1623; x_wconf 87' lang='lat' dir='ltr'>Numan-</span> 
     </span>
     <span class='ocr_line' id='line_1_12' title="bbox 217 1660 2346 1756; baseline 0.002 -28"><span class='ocrx_word' id='word_1_85' title='bbox 217 1663 371 1731; x_wconf 87' lang='lat' dir='ltr'>tiam</span> <span class='ocrx_word' id='word_1_86' title='bbox 412 1661 541 1730; x_wconf 90' lang='lat' dir='ltr'>sub</span> <span class='ocrx_word' id='word_1_87' title='bbox 577 1686 658 1730; x_wconf 90' lang='lat' dir='ltr'>eo</span> <span class='ocrx_word' id='word_1_88' title='bbox 698 1660 867 1731; x_wconf 88' lang='lat' dir='ltr'>duce</span> <span class='ocrx_word' id='word_1_89' title='bbox 910 1661 1234 1756; x_wconf 84' lang='lat' dir='ltr'>stipendia</span> <span class='ocrx_word' id='word_1_90' title='bbox 1281 1662 1608 1755; x_wconf 85' lang='lat' dir='ltr'>equestria</span> <span class='ocrx_word' id='word_1_91' title='bbox 1694 1676 1976 1730; x_wconf 89' lang='lat' dir='ltr'>mereret</span> <span class='ocrx_word' id='word_1_92' title='bbox 1992 1715 2011 1748; x_wconf 93' lang='lat'>‚</span> <span class='ocrx_word' id='word_1_93' title='bbox 2063 1676 2131 1731; x_wconf 87' lang='lat' dir='ltr'>et</span> <span class='ocrx_word' id='word_1_94' title='bbox 2175 1661 2346 1733; x_wconf 83' lang='lat' dir='ltr'>forte</span> 
     </span>
     <span class='ocr_line' id='line_1_13' title="bbox 219 1767 2353 1863; baseline 0 -27"><span class='ocrx_word' id='word_1_95' title='bbox 219 1770 390 1837; x_wconf 86' lang='lat' dir='ltr'>inter</span> <span class='ocrx_word' id='word_1_96' title='bbox 418 1792 679 1838; x_wconf 85' lang='lat' dir='ltr'>coenam</span> <span class='ocrx_word' id='word_1_97' title='bbox 710 1767 976 1863; x_wconf 89' lang='lat' dir='ltr'>quidam</span> <span class='ocrx_word' id='word_1_98' title='bbox 1008 1769 1387 1863; x_wconf 87' lang='lat' dir='ltr'>Scipionem</span> <span class='ocrx_word' id='word_1_99' title='bbox 1416 1769 1885 1861; x_wconf 83' lang='lat' dir='ltr'>interrogasset</span> <span class='ocrx_word' id='word_1_100' title='bbox 1903 1821 1921 1855; x_wconf 88' lang='lat'>‚</span> <span class='ocrx_word' id='word_1_101' title='bbox 1956 1773 2023 1836; x_wconf 77' lang='lat' dir='ltr'>si</span> <span class='ocrx_word' id='word_1_102' title='bbox 2054 1768 2226 1863; x_wconf 81' lang='lat' dir='ltr'>quid</span> <span class='ocrx_word' id='word_1_103' title='bbox 2249 1770 2353 1840; x_wconf 79' lang='lat' dir='ltr'>illi</span> 
     </span>
     <span class='ocr_line' id='line_1_14' title="bbox 217 1874 2348 1971; baseline -0 -26"><span class='ocrx_word' id='word_1_104' title='bbox 217 1875 584 1945; x_wconf 67' lang='lat' dir='ltr'>accidisset</span> <span class='ocrx_word' id='word_1_105' title='bbox 591 1930 614 1962; x_wconf 90' lang='lat'><strong><em>,</em></strong></span> <span class='ocrx_word' id='word_1_106' title='bbox 648 1899 1010 1970; x_wconf 81' lang='lat' dir='ltr'>quemnam</span> <span class='ocrx_word' id='word_1_107' title='bbox 1038 1874 1425 1971; x_wconf 77' lang='lat' dir='ltr'>respublica</span> <span class='ocrx_word' id='word_1_108' title='bbox 1452 1897 1651 1969; x_wconf 81' lang='lat' dir='ltr'>ceque</span> <span class='ocrx_word' id='word_1_109' title='bbox 1677 1898 2000 1970; x_wconf 78' lang='lat' dir='ltr'>magnum</span> <span class='ocrx_word' id='word_1_110' title='bbox 2025 1874 2348 1944; x_wconf 75' lang='lat' dir='ltr'>habitura</span> 
     </span>
     <span class='ocr_line' id='line_1_15' title="bbox 216 1982 2349 2077; baseline 0 -27"><span class='ocrx_word' id='word_1_111' title='bbox 216 1998 392 2051; x_wconf 84' lang='lat' dir='ltr'>esset</span> <span class='ocrx_word' id='word_1_112' title='bbox 423 1987 938 2077; x_wconf 81' lang='lat' dir='ltr'>imperatorem,</span> <span class='ocrx_word' id='word_1_113' title='bbox 981 1984 1337 2076; x_wconf 88' lang='lat' dir='ltr'>respiciens</span> <span class='ocrx_word' id='word_1_114' title='bbox 1378 2006 1448 2051; x_wconf 89' lang='lat' dir='ltr'>se</span> <span class='ocrx_word' id='word_1_115' title='bbox 1478 2005 1680 2076; x_wconf 89' lang='lat' dir='ltr'>supra</span> <span class='ocrx_word' id='word_1_116' title='bbox 1715 1983 1931 2076; x_wconf 90' lang='lat' dir='ltr'>ipsum</span> <span class='ocrx_word' id='word_1_117' title='bbox 1963 1982 2315 2051; x_wconf 86' lang='lat' dir='ltr'>cubantem</span> <span class='ocrx_word' id='word_1_118' title='bbox 2332 2037 2349 2066; x_wconf 87' lang='lat'>‚</span> 
     </span>
     <span class='ocr_line' id='line_1_16' title="bbox 216 2086 2349 2184; baseline -0 -26"><span class='ocrx_word' id='word_1_119' title='bbox 216 2092 329 2159; x_wconf 81' lang='lat' dir='ltr'>vel</span> <span class='ocrx_word' id='word_1_120' title='bbox 359 2089 543 2157; x_wconf 75' lang='lat' dir='ltr'>hunc</span> <span class='ocrx_word' id='word_1_121' title='bbox 567 2143 587 2173; x_wconf 96' lang='lat'><strong>‚</strong></span> <span class='ocrx_word' id='word_1_122' title='bbox 637 2087 845 2157; x_wconf 80' lang='lat' dir='ltr'>dixit:</span> <span class='ocrx_word' id='word_1_123' title='bbox 890 2113 1023 2182; x_wconf 90' lang='lat' dir='ltr'>quo</span> <span class='ocrx_word' id='word_1_124' title='bbox 1072 2090 1352 2184; x_wconf 84' lang='lat' dir='ltr'>augurio</span> <span class='ocrx_word' id='word_1_125' title='bbox 1405 2086 1884 2183; x_wconf 80' lang='lat' dir='ltr'>perfectissima</span> <span class='ocrx_word' id='word_1_126' title='bbox 1947 2089 2153 2158; x_wconf 87' lang='lat' dir='ltr'>virtus</span> <span class='ocrx_word' id='word_1_127' title='bbox 2202 2114 2349 2157; x_wconf 73' lang='lat' dir='ltr'>ma-</span> 
     </span>
     <span class='ocr_line' id='line_1_17' title="bbox 217 2194 2348 2280; baseline 0 -17"><span class='ocrx_word' id='word_1_128' title='bbox 217 2197 457 2264; x_wconf 79' lang='lat' dir='ltr'>ximam</span> <span class='ocrx_word' id='word_1_129' title='bbox 500 2196 824 2265; x_wconf 88' lang='lat' dir='ltr'>orientem</span> <span class='ocrx_word' id='word_1_130' title='bbox 859 2197 1175 2265; x_wconf 79' lang='lat' dir='ltr'>virtutem</span> <span class='ocrx_word' id='word_1_131' title='bbox 1213 2195 1539 2264; x_wconf 84' lang='lat' dir='ltr'>videritne</span> <span class='ocrx_word' id='word_1_132' title='bbox 1577 2195 1855 2280; x_wconf 86' lang='lat' dir='ltr'>certius,</span> <span class='ocrx_word' id='word_1_133' title='bbox 1887 2219 1971 2263; x_wconf 89' lang='lat' dir='ltr'>an</span> <span class='ocrx_word' id='word_1_134' title='bbox 2017 2194 2348 2264; x_wconf 85' lang='lat' dir='ltr'>efficacius</span> 
     </span>
     <span class='ocr_line' id='line_1_18' title="bbox 219 2299 2350 2396; baseline 0 -28"><span class='ocrx_word' id='word_1_135' title='bbox 219 2302 620 2387; x_wconf 85' lang='lat' dir='ltr'>accenderit,</span> <span class='ocrx_word' id='word_1_136' title='bbox 656 2302 978 2396; x_wconf 87' lang='lat' dir='ltr'>perpendi</span> <span class='ocrx_word' id='word_1_137' title='bbox 1014 2303 1124 2369; x_wconf 82' lang='lat' dir='ltr'>vix</span> <span class='ocrx_word' id='word_1_138' title='bbox 1158 2316 1394 2396; x_wconf 90' lang='lat' dir='ltr'>potest.</span> <span class='ocrx_word' id='word_1_139' title='bbox 1439 2299 1565 2369; x_wconf 88' lang='lat' dir='ltr'>Illa</span> <span class='ocrx_word' id='word_1_140' title='bbox 1600 2301 1911 2369; x_wconf 88' lang='lat' dir='ltr'>nimirum</span> <span class='ocrx_word' id='word_1_141' title='bbox 1953 2326 2141 2370; x_wconf 87' lang='lat' dir='ltr'>eoena</span> <span class='ocrx_word' id='word_1_142' title='bbox 2178 2299 2350 2370; x_wconf 85' lang='lat' dir='ltr'>mili-</span> 
     </span>
     <span class='ocr_line' id='line_1_19' title="bbox 220 2406 2353 2502; baseline 0 -27"><span class='ocrx_word' id='word_1_143' title='bbox 220 2408 378 2477; x_wconf 88' lang='lat' dir='ltr'>taris</span> <span class='ocrx_word' id='word_1_144' title='bbox 431 2409 941 2502; x_wconf 88' lang='lat' dir='ltr'>speciosissimas</span> <span class='ocrx_word' id='word_1_145' title='bbox 999 2422 1136 2477; x_wconf 86' lang='lat' dir='ltr'>tota</span> <span class='ocrx_word' id='word_1_146' title='bbox 1193 2410 1257 2476; x_wconf 91' lang='lat' dir='ltr'>in</span> <span class='ocrx_word' id='word_1_147' title='bbox 1321 2408 1488 2477; x_wconf 88' lang='lat' dir='ltr'>urbe</span> <span class='ocrx_word' id='word_1_148' title='bbox 1542 2408 1761 2475; x_wconf 88' lang='lat' dir='ltr'>Mario</span> <span class='ocrx_word' id='word_1_149' title='bbox 1823 2406 2079 2476; x_wconf 84' lang='lat' dir='ltr'>futuras</span> <span class='ocrx_word' id='word_1_150' title='bbox 2133 2432 2353 2477; x_wconf 84' lang='lat' dir='ltr'>coenas</span> 
     </span>
     <span class='ocr_line' id='line_1_20' title="bbox 219 2513 2351 2610; baseline -0 -28"><span class='ocrx_word' id='word_1_151' title='bbox 219 2515 547 2584; x_wconf 87' lang='lat' dir='ltr'>ominata⁷</span> <span class='ocrx_word' id='word_1_152' title='bbox 587 2529 723 2584; x_wconf 89' lang='lat' dir='ltr'>est:</span> <span class='ocrx_word' id='word_1_153' title='bbox 756 2530 1109 2610; x_wconf 88' lang='lat' dir='ltr'>postquam</span> <span class='ocrx_word' id='word_1_154' title='bbox 1145 2518 1322 2584; x_wconf 89' lang='lat' dir='ltr'>enim</span> <span class='ocrx_word' id='word_1_155' title='bbox 1355 2514 1665 2584; x_wconf 89' lang='lat' dir='ltr'>Cimbros</span> <span class='ocrx_word' id='word_1_156' title='bbox 1706 2514 1791 2582; x_wconf 87' lang='lat' dir='ltr'>ab</span> <span class='ocrx_word' id='word_1_157' title='bbox 1829 2538 1909 2582; x_wconf 88' lang='lat' dir='ltr'>eo</span> <span class='ocrx_word' id='word_1_158' title='bbox 1945 2513 2194 2583; x_wconf 84' lang='lat' dir='ltr'>deletos</span> <span class='ocrx_word' id='word_1_159' title='bbox 2232 2517 2351 2582; x_wconf 90' lang='lat' dir='ltr'>ini-</span> 
     </span>
    </p>
   </div>
   <div class='ocr_carea' id='block_1_3' title="bbox 300 2709 2357 2778">
    <p class='ocr_par' dir='ltr' id='par_1_5' title="bbox 300 2709 2357 2778">
     <span class='ocr_line' id='line_1_21' title="bbox 300 2709 2357 2778; baseline 0 -11"><span class='ocrx_word' id='word_1_160' title='bbox 300 2733 348 2767; x_wconf 92' lang='lat'>1.</span> <span class='ocrx_word' id='word_1_161' title='bbox 387 2716 700 2767; x_wconf 74' lang='lat' dir='ltr'>ornamento.</span> <span class='ocrx_word' id='word_1_162' title='bbox 727 2709 1042 2768; x_wconf 78' lang='lat' dir='ltr'>Consulatus</span> <span class='ocrx_word' id='word_1_163' title='bbox 1062 2714 1237 2768; x_wconf 86' lang='lat' dir='ltr'>initio.</span> <span class='ocrx_word' id='word_1_164' title='bbox 1324 2714 1627 2767; x_wconf 79' lang='lat' dir='ltr'>cubantem...</span> <span class='ocrx_word' id='word_1_165' title='bbox 1644 2713 1787 2766; x_wconf 70' lang='lat' dir='ltr'>dixit.</span> <span class='ocrx_word' id='word_1_166' title='bbox 1810 2713 2084 2778; x_wconf 70' lang='lat' dir='ltr'>sinimus,</span> <span class='ocrx_word' id='word_1_167' title='bbox 2104 2715 2171 2766; x_wconf 82' lang='lat' dir='ltr'>ab</span> <span class='ocrx_word' id='word_1_168' title='bbox 2188 2713 2357 2768; x_wconf 84' lang='lat' dir='ltr'>edito-</span> 
     </span>
    </p>
   </div>
   <div class='ocr_carea' id='block_1_4' title="bbox 204 2793 1245 4143">
    <p class='ocr_par' dir='ltr' id='par_1_6' title="bbox 204 2793 1245 3584">
     <span class='ocr_line' id='line_1_22' title="bbox 298 2793 1239 2847; baseline 0 -1"><span class='ocrx_word' id='word_1_169' title='bbox 298 2813 347 2847; x_wconf 76' lang='lat'>2.</span> <span class='ocrx_word' id='word_1_170' title='bbox 383 2793 631 2847; x_wconf 76' lang='lat' dir='ltr'>Scoevolae.</span> <span class='ocrx_word' id='word_1_171' title='bbox 665 2795 728 2846; x_wconf 81' lang='lat' dir='ltr'>A.</span> <span class='ocrx_word' id='word_1_172' title='bbox 762 2795 831 2847; x_wconf 92' lang='lat' dir='ltr'>U.</span> <span class='ocrx_word' id='word_1_173' title='bbox 874 2795 1006 2847; x_wconf 82' lang='lat'>658.</span> <span class='ocrx_word' id='word_1_174' title='bbox 1036 2794 1148 2847; x_wconf 87' lang='lat' dir='ltr'>Cic.</span> <span class='ocrx_word' id='word_1_175' title='bbox 1183 2795 1239 2846; x_wconf 90' lang='lat' dir='ltr'>in</span> 
     </span>
     <span class='ocr_line' id='line_1_23' title="bbox 222 2871 1240 2938; baseline 0.001 -12"><span class='ocrx_word' id='word_1_176' title='bbox 222 2873 398 2937; x_wconf 84' lang='lat' dir='ltr'>Brut.;</span> <span class='ocrx_word' id='word_1_177' title='bbox 420 2871 490 2925; x_wconf 84' lang='lat' dir='ltr'>ad</span> <span class='ocrx_word' id='word_1_178' title='bbox 505 2875 614 2927; x_wconf 76' lang='lat' dir='ltr'>An.</span> <span class='ocrx_word' id='word_1_179' title='bbox 633 2875 684 2924; x_wconf 89' lang='lat' dir='ltr'><strong>V</strong></span> <span class='ocrx_word' id='word_1_180' title='bbox 705 2885 758 2926; x_wconf 86' lang='lat' dir='ltr'>et</span> <span class='ocrx_word' id='word_1_181' title='bbox 771 2874 849 2925; x_wconf 87' lang='lat' dir='ltr'>VI</span> <span class='ocrx_word' id='word_1_182' title='bbox 865 2893 880 2938; x_wconf 89' lang='lat'>;</span> <span class='ocrx_word' id='word_1_183' title='bbox 897 2874 1117 2926; x_wconf 84' lang='lat' dir='ltr'>Verrin.</span> <span class='ocrx_word' id='word_1_184' title='bbox 1139 2875 1240 2927; x_wconf 80' lang='lat' dir='ltr'>lv,</span> 
     </span>
     <span class='ocr_line' id='line_1_24' title="bbox 221 2952 1240 3025; baseline -0.001 -18"><span class='ocrx_word' id='word_1_185' title='bbox 221 2952 314 3007; x_wconf 78' lang='lat' dir='ltr'>mc</span> <span class='ocrx_word' id='word_1_186' title='bbox 337 2953 429 3006; x_wconf 89' lang='lat' dir='ltr'>ille</span> <span class='ocrx_word' id='word_1_187' title='bbox 448 2965 527 3006; x_wconf 86' lang='lat' dir='ltr'>est</span> <span class='ocrx_word' id='word_1_188' title='bbox 550 2953 780 3006; x_wconf 75' lang='lat' dir='ltr'>Scaevola</span> <span class='ocrx_word' id='word_1_189' title='bbox 795 2990 808 3010; x_wconf 90' lang='lat'>,</span> <span class='ocrx_word' id='word_1_190' title='bbox 835 2972 995 3025; x_wconf 89' lang='lat' dir='ltr'>quem</span> <span class='ocrx_word' id='word_1_191' title='bbox 1022 2953 1155 3006; x_wconf 82' lang='lat' dir='ltr'>Cato</span> <span class='ocrx_word' id='word_1_192' title='bbox 1185 2953 1240 3007; x_wconf 93' lang='lat' dir='ltr'>in</span> 
     </span>
     <span class='ocr_line' id='line_1_25' title="bbox 221 3031 1245 3105; baseline -0.001 -19"><span class='ocrx_word' id='word_1_193' title='bbox 221 3051 276 3086; x_wconf 82' lang='lat' dir='ltr'>ea</span> <span class='ocrx_word' id='word_1_194' title='bbox 292 3033 569 3105; x_wconf 82' lang='lat' dir='ltr'>provincia</span> <span class='ocrx_word' id='word_1_195' title='bbox 587 3031 985 3103; x_wconf 79' lang='lat' dir='ltr'>diligentissime</span> <span class='ocrx_word' id='word_1_196' title='bbox 1003 3034 1245 3087; x_wconf 81' lang='lat' dir='ltr'>ohserva-</span> 
     </span>
     <span class='ocr_line' id='line_1_26' title="bbox 222 3112 1244 3184; baseline 0.002 -19"><span class='ocrx_word' id='word_1_197' title='bbox 222 3127 392 3179; x_wconf 63' lang='grc' dir='ltr'><strong>νηοί,</strong></span> <span class='ocrx_word' id='word_1_198' title='bbox 410 3126 772 3176; x_wconf 69' lang='lat' dir='ltr'>accusaturus,</span> <span class='ocrx_word' id='word_1_199' title='bbox 809 3114 850 3166; x_wconf 85' lang='lat' dir='ltr'>si</span> <span class='ocrx_word' id='word_1_200' title='bbox 879 3112 1010 3184; x_wconf 87' lang='lat' dir='ltr'>quid</span> <span class='ocrx_word' id='word_1_201' title='bbox 1041 3131 1244 3184; x_wconf 84' lang='lat' dir='ltr'>peccas·</span> 
     </span>
     <span class='ocr_line' id='line_1_27' title="bbox 204 3192 1244 3265; baseline 0 -19"><span class='ocrx_word' id='word_1_202' title='bbox 204 3208 320 3257; x_wconf 60' lang='lat' dir='ltr'>met,</span> <span class='ocrx_word' id='word_1_203' title='bbox 349 3192 642 3246; x_wconf 79' lang='lat' dir='ltr'>ulciscendi</span> <span class='ocrx_word' id='word_1_204' title='bbox 661 3193 826 3264; x_wconf 84' lang='lat' dir='ltr'>patris</span> <span class='ocrx_word' id='word_1_205' title='bbox 845 3193 1038 3265; x_wconf 78' lang='lat' dir='ltr'>gratia,</span> <span class='ocrx_word' id='word_1_206' title='bbox 1062 3193 1153 3264; x_wconf 88' lang='lat' dir='ltr'>qui</span> <span class='ocrx_word' id='word_1_207' title='bbox 1176 3195 1244 3246; x_wconf 86' lang='lat' dir='ltr'>ab</span> 
     </span>
     <span class='ocr_line' id='line_1_28' title="bbox 222 3271 1244 3344; baseline 0 -18"><span class='ocrx_word' id='word_1_208' title='bbox 222 3273 316 3326; x_wconf 84' lang='lat' dir='ltr'>hoc</span> <span class='ocrx_word' id='word_1_209' title='bbox 339 3273 576 3326; x_wconf 71' lang='lat' dir='ltr'>Scoevola</span> <span class='ocrx_word' id='word_1_210' title='bbox 596 3274 768 3326; x_wconf 76' lang='lat' dir='ltr'>fuerat</span> <span class='ocrx_word' id='word_1_211' title='bbox 784 3271 1066 3344; x_wconf 83' lang='lat' dir='ltr'>aliquando</span> <span class='ocrx_word' id='word_1_212' title='bbox 1093 3271 1244 3326; x_wconf 84' lang='lat' dir='ltr'>dam-</span> 
     </span>
     <span class='ocr_line' id='line_1_29' title="bbox 222 3351 1242 3406; baseline 0 0"><span class='ocrx_word' id='word_1_213' title='bbox 222 3367 386 3406; x_wconf 71' lang='lat' dir='ltr'>natus.</span> <span class='ocrx_word' id='word_1_214' title='bbox 416 3351 521 3406; x_wconf 80' lang='lat' dir='ltr'>sed</span> <span class='ocrx_word' id='word_1_215' title='bbox 548 3366 691 3406; x_wconf 77' lang='lat' dir='ltr'>tanta</span> <span class='ocrx_word' id='word_1_216' title='bbox 721 3353 822 3406; x_wconf 80' lang='lat' dir='ltr'>fuit</span> <span class='ocrx_word' id='word_1_217' title='bbox 844 3353 1086 3406; x_wconf 74' lang='lat' dir='ltr'>Scaevolae</span> <span class='ocrx_word' id='word_1_218' title='bbox 1107 3354 1242 3406; x_wconf 84' lang='lat' dir='ltr'>iute-</span> 
     </span>
     <span class='ocr_line' id='line_1_30' title="bbox 221 3432 1242 3503; baseline 0 -18"><span class='ocrx_word' id='word_1_219' title='bbox 221 3435 397 3503; x_wconf 73' lang='lat' dir='ltr'>gritas,</span> <span class='ocrx_word' id='word_1_220' title='bbox 421 3446 486 3486; x_wconf 87' lang='lat' dir='ltr'>ut</span> <span class='ocrx_word' id='word_1_221' title='bbox 507 3433 712 3486; x_wconf 90' lang='lat' dir='ltr'>nullum</span> <span class='ocrx_word' id='word_1_222' title='bbox 735 3433 813 3486; x_wconf 89' lang='lat' dir='ltr'>illi</span> <span class='ocrx_word' id='word_1_223' title='bbox 829 3432 1147 3486; x_wconf 85' lang='lat' dir='ltr'>criminandi</span> <span class='ocrx_word' id='word_1_224' title='bbox 1164 3435 1242 3485; x_wconf 88' lang='lat' dir='ltr'>lo·</span> 
     </span>
     <span class='ocr_line' id='line_1_31' title="bbox 222 3513 649 3584; baseline 0 -19"><span class='ocrx_word' id='word_1_225' title='bbox 222 3531 334 3565; x_wconf 85' lang='lat' dir='ltr'>cum</span> <span class='ocrx_word' id='word_1_226' title='bbox 355 3513 649 3584; x_wconf 80' lang='lat' dir='ltr'>reliquerit.</span> 
     </span>
    </p>

    <p class='ocr_par' dir='ltr' id='par_1_7' title="bbox 222 3590 1245 3824">
     <span class='ocr_line' id='line_1_32' title="bbox 301 3590 1243 3663; baseline -0.002 -17"><span class='ocrx_word' id='word_1_227' title='bbox 301 3595 354 3647; x_wconf 85' lang='lat'>3.</span> <span class='ocrx_word' id='word_1_228' title='bbox 381 3594 525 3646; x_wconf 79' lang='lat' dir='ltr'>Voei.</span> <span class='ocrx_word' id='word_1_229' title='bbox 547 3590 611 3645; x_wconf 86' lang='lat' dir='ltr'>Id</span> <span class='ocrx_word' id='word_1_230' title='bbox 639 3605 742 3650; x_wconf 80' lang='lat' dir='ltr'>est,</span> <span class='ocrx_word' id='word_1_231' title='bbox 770 3592 974 3645; x_wconf 77' lang='lat' dir='ltr'>Marius</span> <span class='ocrx_word' id='word_1_232' title='bbox 1002 3610 1100 3663; x_wconf 87' lang='lat' dir='ltr'>per</span> <span class='ocrx_word' id='word_1_233' title='bbox 1131 3610 1243 3645; x_wconf 86' lang='lat' dir='ltr'>eam</span> 
     </span>
     <span class='ocr_line' id='line_1_33' title="bbox 222 3673 1245 3739; baseline 0.001 -15"><span class='ocrx_word' id='word_1_234' title='bbox 222 3690 400 3726; x_wconf 77' lang='lat' dir='ltr'>vocem</span> <span class='ocrx_word' id='word_1_235' title='bbox 430 3673 686 3725; x_wconf 80' lang='lat' dir='ltr'>excitatus</span> <span class='ocrx_word' id='word_1_236' title='bbox 715 3685 822 3739; x_wconf 82' lang='lat' dir='ltr'>est,</span> <span class='ocrx_word' id='word_1_237' title='bbox 854 3684 915 3724; x_wconf 85' lang='lat' dir='ltr'>ut</span> <span class='ocrx_word' id='word_1_238' title='bbox 944 3673 1245 3725; x_wconf 85' lang='lat' dir='ltr'>consulatus</span> 
     </span>
     <span class='ocr_line' id='line_1_34' title="bbox 224 3753 935 3824; baseline -0.001 -19"><span class='ocrx_word' id='word_1_239' title='bbox 224 3765 274 3805; x_wconf 81' lang='lat' dir='ltr'>et</span> <span class='ocrx_word' id='word_1_240' title='bbox 299 3753 597 3824; x_wconf 80' lang='lat' dir='ltr'>triumphos</span> <span class='ocrx_word' id='word_1_241' title='bbox 625 3766 935 3806; x_wconf 84' lang='lat' dir='ltr'>mereretur.</span> 
     </span>
    </p>

    <p class='ocr_par' dir='ltr' id='par_1_8' title="bbox 225 3830 1244 4046">
     <span class='ocr_line' id='line_1_35' title="bbox 305 3830 1244 3903; baseline -0.001 -19"><span class='ocrx_word' id='word_1_242' title='bbox 305 3838 356 3896; x_wconf 69' lang='grc'>4.</span> <span class='ocrx_word' id='word_1_243' title='bbox 402 3834 672 3903; x_wconf 58' lang='lat' dir='ltr'>Triumphi.</span> <span class='ocrx_word' id='word_1_244' title='bbox 703 3834 783 3885; x_wconf 90' lang='lat' dir='ltr'>De</span> <span class='ocrx_word' id='word_1_245' title='bbox 808 3833 1072 3903; x_wconf 80' lang='lat' dir='ltr'>Jugurtha</span> <span class='ocrx_word' id='word_1_246' title='bbox 1099 3845 1151 3884; x_wconf 84' lang='lat' dir='ltr'>et</span> <span class='ocrx_word' id='word_1_247' title='bbox 1178 3830 1244 3884; x_wconf 89' lang='lat' dir='ltr'>de</span> 
     </span>
     <span class='ocr_line' id='line_1_36' title="bbox 225 3912 1241 3981; baseline 0.001 -18"><span class='ocrx_word' id='word_1_248' title='bbox 225 3912 468 3966; x_wconf 78' lang='lat' dir='ltr'>Cimbris.</span> <span class='ocrx_word' id='word_1_249' title='bbox 508 3914 574 3966; x_wconf 81' lang='lat' dir='ltr'>A.</span> <span class='ocrx_word' id='word_1_250' title='bbox 603 3913 673 3966; x_wconf 89' lang='lat' dir='ltr'>U.</span> <span class='ocrx_word' id='word_1_251' title='bbox 708 3918 842 3981; x_wconf 81' lang='lat'>619.</span> <span class='ocrx_word' id='word_1_252' title='bbox 883 3912 1023 3965; x_wconf 86' lang='lat' dir='ltr'>Plut.</span> <span class='ocrx_word' id='word_1_253' title='bbox 1057 3913 1113 3965; x_wconf 89' lang='lat' dir='ltr'>in</span> <span class='ocrx_word' id='word_1_254' title='bbox 1148 3912 1241 3964; x_wconf 79' lang='lat' dir='ltr'>vit.</span> 
     </span>
     <span class='ocr_line' id='line_1_37' title="bbox 231 3993 539 4046; baseline 0.013 -4"><span class='ocrx_word' id='word_1_255' title='bbox 231 3993 291 4043; x_wconf 71' lang='lat' dir='ltr'>A.</span> <span class='ocrx_word' id='word_1_256' title='bbox 315 3993 382 4045; x_wconf 83' lang='lat' dir='ltr'>U.</span> <span class='ocrx_word' id='word_1_257' title='bbox 405 3995 513 4046; x_wconf 85' lang='lat'>651</span> <span class='ocrx_word' id='word_1_258' title='bbox 527 4033 539 4045; x_wconf 97' lang='lat'>.</span> 
     </span>
    </p>

    <p class='ocr_par' dir='ltr' id='par_1_9' title="bbox 311 4070 1243 4143">
     <span class='ocr_line' id='line_1_38' title="bbox 311 4070 1243 4143; baseline 0.001 -22"><span class='ocrx_word' id='word_1_259' title='bbox 311 4071 356 4121; x_wconf 80' lang='lat'>5.</span> <span class='ocrx_word' id='word_1_260' title='bbox 389 4073 479 4124; x_wconf 78' lang='lat' dir='ltr'>Ad</span> <span class='ocrx_word' id='word_1_261' title='bbox 500 4091 721 4141; x_wconf 78' lang='lat' dir='ltr'>rogum...</span> <span class='ocrx_word' id='word_1_262' title='bbox 746 4072 1019 4131; x_wconf 72' lang='lat' dir='ltr'>exsultavit,</span> <span class='ocrx_word' id='word_1_263' title='bbox 1045 4070 1185 4143; x_wconf 83' lang='lat' dir='ltr'>quod.</span> <span class='ocrx_word' id='word_1_264' title='bbox 1202 4111 1213 4122; x_wconf 96' lang='lat'>.</span> <span class='ocrx_word' id='word_1_265' title='bbox 1232 4109 1243 4121; x_wconf 92' lang='lat'>.</span> 
     </span>
    </p>
   </div>
   <div class='ocr_carea' id='block_1_5' title="bbox 227 4154 1248 4221">
    <p class='ocr_par' dir='ltr' id='par_1_10' title="bbox 227 4154 1248 4221">
     <span class='ocr_line' id='line_1_39' title="bbox 227 4154 1248 4221; baseline 0.001 -21"><span class='ocrx_word' id='word_1_266' title='bbox 227 4155 547 4220; x_wconf 72' lang='lat' dir='ltr'>imperatorem</span> <span class='ocrx_word' id='word_1_267' title='bbox 566 4191 581 4217; x_wconf 92' lang='lat'>,</span> <span class='ocrx_word' id='word_1_268' title='bbox 608 4154 854 4221; x_wconf 76' lang='lat' dir='ltr'>respiciens</span> <span class='ocrx_word' id='word_1_269' title='bbox 871 4171 919 4201; x_wconf 81' lang='lat' dir='ltr'>se</span> <span class='ocrx_word' id='word_1_270' title='bbox 934 4170 1079 4221; x_wconf 81' lang='lat' dir='ltr'>supra</span> <span class='ocrx_word' id='word_1_271' title='bbox 1098 4155 1248 4219; x_wconf 79' lang='lat' dir='ltr'>ipsum</span> 
     </span>
    </p>
   </div>
   <div class='ocr_carea' id='block_1_6' title="bbox 1328 2793 2359 3743">
    <p class='ocr_par' dir='ltr' id='par_1_11' title="bbox 1328 2793 2359 3743">
     <span class='ocr_line' id='line_1_40' title="bbox 1328 2793 2359 2866; baseline 0.003 -21"><span class='ocrx_word' id='word_1_272' title='bbox 1328 2793 1474 2846; x_wconf 85' lang='lat' dir='ltr'>ribus</span> <span class='ocrx_word' id='word_1_273' title='bbox 1489 2794 1625 2845; x_wconf 86' lang='lat' dir='ltr'>mire</span> <span class='ocrx_word' id='word_1_274' title='bbox 1646 2806 1928 2865; x_wconf 88' lang='lat' dir='ltr'>corruptus</span> <span class='ocrx_word' id='word_1_275' title='bbox 1954 2831 1970 2858; x_wconf 91' lang='lat'>,</span> <span class='ocrx_word' id='word_1_276' title='bbox 1983 2794 2359 2866; x_wconf 83' lang='lat' dir='ltr'>interpungen-</span> 
     </span>
     <span class='ocr_line' id='line_1_41' title="bbox 1328 2871 2356 2945; baseline 0.003 -20"><span class='ocrx_word' id='word_1_277' title='bbox 1328 2871 1428 2925; x_wconf 88' lang='lat' dir='ltr'>dus</span> <span class='ocrx_word' id='word_1_278' title='bbox 1446 2885 1498 2925; x_wconf 87' lang='lat' dir='ltr'>et</span> <span class='ocrx_word' id='word_1_279' title='bbox 1510 2871 1789 2943; x_wconf 77' lang='lat' dir='ltr'>legendus,</span> <span class='ocrx_word' id='word_1_280' title='bbox 1805 2892 1865 2925; x_wconf 87' lang='lat' dir='ltr'>ex</span> <span class='ocrx_word' id='word_1_281' title='bbox 1882 2872 1989 2925; x_wconf 83' lang='lat' dir='ltr'>fide</span> <span class='ocrx_word' id='word_1_282' title='bbox 2003 2874 2356 2945; x_wconf 88' lang='lat' dir='ltr'>complurium</span> 
     </span>
     <span class='ocr_line' id='line_1_42' title="bbox 1330 2947 2357 3026; baseline 0.004 -21"><span class='ocrx_word' id='word_1_283' title='bbox 1330 2947 1479 3005; x_wconf 81' lang='lat' dir='ltr'>MSS.</span> <span class='ocrx_word' id='word_1_284' title='bbox 1493 2951 1679 3025; x_wconf 86' lang='lat' dir='ltr'>Neque</span> <span class='ocrx_word' id='word_1_285' title='bbox 1694 2953 1845 3006; x_wconf 82' lang='lat' dir='ltr'>aliter</span> <span class='ocrx_word' id='word_1_286' title='bbox 1854 2966 1994 3005; x_wconf 85' lang='lat' dir='ltr'>recte</span> <span class='ocrx_word' id='word_1_287' title='bbox 2007 2953 2226 3025; x_wconf 80' lang='lat' dir='ltr'>intelligi</span> <span class='ocrx_word' id='word_1_288' title='bbox 2236 2968 2357 3026; x_wconf 86' lang='lat' dir='ltr'>pot·</span> 
     </span>
     <span class='ocr_line' id='line_1_43' title="bbox 1331 3025 2353 3104; baseline 0.001 -18"><span class='ocrx_word' id='word_1_289' title='bbox 1331 3045 1424 3086; x_wconf 86' lang='lat' dir='ltr'>est.</span> <span class='ocrx_word' id='word_1_290' title='bbox 1450 3033 1652 3086; x_wconf 80' lang='lat' dir='ltr'>Marius</span> <span class='ocrx_word' id='word_1_291' title='bbox 1667 3068 1685 3095; x_wconf 87' lang='lat'>,</span> <span class='ocrx_word' id='word_1_292' title='bbox 1713 3051 1823 3085; x_wconf 89' lang='lat' dir='ltr'>non</span> <span class='ocrx_word' id='word_1_293' title='bbox 1847 3025 2068 3104; x_wconf 80' lang='lat' dir='ltr'>propter</span> <span class='ocrx_word' id='word_1_294' title='bbox 2088 3031 2353 3087; x_wconf 85' lang='lat' dir='ltr'>fortunam</span> 
     </span>
     <span class='ocr_line' id='line_1_44' title="bbox 1331 3113 2354 3184; baseline 0.004 -20"><span class='ocrx_word' id='word_1_295' title='bbox 1331 3131 1448 3184; x_wconf 77' lang='lat' dir='ltr'>quae</span> <span class='ocrx_word' id='word_1_296' title='bbox 1488 3131 1599 3165; x_wconf 87' lang='lat' dir='ltr'>non</span> <span class='ocrx_word' id='word_1_297' title='bbox 1635 3130 1842 3183; x_wconf 84' lang='lat' dir='ltr'>semper</span> <span class='ocrx_word' id='word_1_298' title='bbox 1875 3113 2042 3166; x_wconf 85' lang='lat' dir='ltr'>fausta</span> <span class='ocrx_word' id='word_1_299' title='bbox 2085 3113 2223 3178; x_wconf 79' lang='lat' dir='ltr'>fuit,</span> <span class='ocrx_word' id='word_1_300' title='bbox 2263 3114 2354 3168; x_wconf 85' lang='lat' dir='ltr'>sed</span> 
     </span>
     <span class='ocr_line' id='line_1_45' title="bbox 1331 3191 2357 3267; baseline 0.004 -23"><span class='ocrx_word' id='word_1_301' title='bbox 1331 3204 1552 3264; x_wconf 80' lang='lat' dir='ltr'>propter</span> <span class='ocrx_word' id='word_1_302' title='bbox 1591 3191 1943 3246; x_wconf 82' lang='lat' dir='ltr'>honorificum</span> <span class='ocrx_word' id='word_1_303' title='bbox 1984 3193 2245 3263; x_wconf 88' lang='lat' dir='ltr'>Scipionis</span> <span class='ocrx_word' id='word_1_304' title='bbox 2270 3197 2357 3267; x_wconf 87' lang='lat' dir='ltr'>ju·</span> 
     </span>
     <span class='ocr_line' id='line_1_46' title="bbox 1331 3270 2356 3341; baseline 0.002 -16"><span class='ocrx_word' id='word_1_305' title='bbox 1331 3270 1532 3325; x_wconf 87' lang='lat' dir='ltr'>dicium</span> <span class='ocrx_word' id='word_1_306' title='bbox 1556 3272 1741 3341; x_wconf 79' lang='lat' dir='ltr'>gaudio</span> <span class='ocrx_word' id='word_1_307' title='bbox 1770 3274 2027 3324; x_wconf 73' lang='lat' dir='ltr'>exsultasse</span> <span class='ocrx_word' id='word_1_308' title='bbox 2055 3272 2270 3327; x_wconf 87' lang='lat' dir='ltr'>dicitur.</span> <span class='ocrx_word' id='word_1_309' title='bbox 2292 3274 2356 3327; x_wconf 84' lang='lat' dir='ltr'>Se</span> 
     </span>
     <span class='ocr_line' id='line_1_47' title="bbox 1331 3349 2354 3417; baseline 0.002 -12"><span class='ocrx_word' id='word_1_310' title='bbox 1331 3350 1399 3405; x_wconf 86' lang='lat' dir='ltr'>ad</span> <span class='ocrx_word' id='word_1_311' title='bbox 1426 3350 1639 3404; x_wconf 71' lang='lat' dir='ltr'>Marium</span> <span class='ocrx_word' id='word_1_312' title='bbox 1666 3349 2004 3405; x_wconf 84' lang='lat' dir='ltr'>referendum</span> <span class='ocrx_word' id='word_1_313' title='bbox 2032 3365 2133 3417; x_wconf 84' lang='lat' dir='ltr'>est,</span> <span class='ocrx_word' id='word_1_314' title='bbox 2156 3365 2210 3405; x_wconf 88' lang='lat' dir='ltr'>et</span> <span class='ocrx_word' id='word_1_315' title='bbox 2233 3374 2354 3407; x_wconf 87' lang='lat' dir='ltr'>cum</span> 
     </span>
     <span class='ocr_line' id='line_1_48' title="bbox 1332 3430 2355 3503; baseline 0.003 -19"><span class='ocrx_word' id='word_1_316' title='bbox 1332 3450 1462 3484; x_wconf 79' lang='lat' dir='ltr'>voce</span> <span class='ocrx_word' id='word_1_317' title='bbox 1498 3432 1746 3483; x_wconf 78' lang='lat' dir='ltr'>cubantem</span> <span class='ocrx_word' id='word_1_318' title='bbox 1789 3430 2247 3503; x_wconf 78' lang='lat' dir='ltr'>conjungendum,</span> <span class='ocrx_word' id='word_1_319' title='bbox 2284 3435 2355 3487; x_wconf 84' lang='lat' dir='ltr'>ita</span> 
     </span>
     <span class='ocr_line' id='line_1_49' title="bbox 1332 3512 2356 3584; baseline 0.001 -19"><span class='ocrx_word' id='word_1_320' title='bbox 1332 3524 1393 3565; x_wconf 86' lang='lat' dir='ltr'>ut</span> <span class='ocrx_word' id='word_1_321' title='bbox 1420 3513 1488 3564; x_wconf 86' lang='lat' dir='ltr'>sit</span> <span class='ocrx_word' id='word_1_322' title='bbox 1521 3529 1703 3564; x_wconf 82' lang='lat' dir='ltr'>sensus</span> <span class='ocrx_word' id='word_1_323' title='bbox 1732 3529 1748 3564; x_wconf 74' lang='grc' dir='ltr'><strong><em>ε</em></strong></span> <span class='ocrx_word' id='word_1_324' title='bbox 1781 3512 1981 3565; x_wconf 84' lang='lat' dir='ltr'>Marius</span> <span class='ocrx_word' id='word_1_325' title='bbox 2010 3513 2217 3584; x_wconf 80' lang='lat' dir='ltr'>gavisus</span> <span class='ocrx_word' id='word_1_326' title='bbox 2249 3526 2356 3576; x_wconf 88' lang='lat' dir='ltr'>est,</span> 
     </span>
     <span class='ocr_line' id='line_1_50' title="bbox 1331 3589 2356 3663; baseline 0.001 -19"><span class='ocrx_word' id='word_1_327' title='bbox 1331 3589 1476 3663; x_wconf 85' lang='lat' dir='ltr'>quod</span> <span class='ocrx_word' id='word_1_328' title='bbox 1513 3591 1691 3662; x_wconf 85' lang='lat' dir='ltr'>Scipio</span> <span class='ocrx_word' id='word_1_329' title='bbox 1727 3592 2078 3663; x_wconf 81' lang='lat' dir='ltr'>interrogatus</span> <span class='ocrx_word' id='word_1_330' title='bbox 2109 3597 2356 3663; x_wconf 78' lang='lat' dir='ltr'>respiciens</span> 
     </span>
     <span class='ocr_line' id='line_1_51' title="bbox 1332 3671 2357 3743; baseline 0.002 -20"><span class='ocrx_word' id='word_1_331' title='bbox 1332 3693 1382 3724; x_wconf 87' lang='lat' dir='ltr'>se</span> <span class='ocrx_word' id='word_1_332' title='bbox 1402 3671 1648 3723; x_wconf 79' lang='lat' dir='ltr'>cubantem</span> <span class='ocrx_word' id='word_1_333' title='bbox 1673 3691 1819 3742; x_wconf 80' lang='lat' dir='ltr'>supra</span> <span class='ocrx_word' id='word_1_334' title='bbox 1845 3675 2021 3742; x_wconf 80' lang='lat' dir='ltr'>ipsum,</span> <span class='ocrx_word' id='word_1_335' title='bbox 2044 3691 2233 3743; x_wconf 87' lang='lat' dir='ltr'>nempe</span> <span class='ocrx_word' id='word_1_336' title='bbox 2252 3673 2357 3726; x_wconf 89' lang='lat' dir='ltr'>Sci-</span> 
     </span>
    </p>
   </div>
   <div class='ocr_carea' id='block_1_7' title="bbox 1259 3751 1817 3823">
    <p class='ocr_par' dir='ltr' id='par_1_12' title="bbox 1259 3751 1817 3823">
     <span class='ocr_line' id='line_1_52' title="bbox 1259 3751 1817 3823; baseline 0 -19"><span class='ocrx_word' id='word_1_337' title='bbox 1259 3781 1268 3786; x_wconf 93' lang='lat'><strong>·</strong></span> <span class='ocrx_word' id='word_1_338' title='bbox 1332 3752 1545 3823; x_wconf 86' lang='lat' dir='ltr'>pionem</span> <span class='ocrx_word' id='word_1_339' title='bbox 1565 3791 1581 3817; x_wconf 88' lang='lat'>‚</span> <span class='ocrx_word' id='word_1_340' title='bbox 1604 3751 1760 3805; x_wconf 66' lang='lat' dir='ltr'>dixit.</span> <span class='ocrx_word' id='word_1_341' title='bbox 1775 3791 1787 3804; x_wconf 94' lang='lat'>.</span> <span class='ocrx_word' id='word_1_342' title='bbox 1804 3792 1817 3804; x_wconf 97' lang='lat'>.</span> 
     </span>
    </p>
   </div>
   <div class='ocr_carea' id='block_1_8' title="bbox 1333 3831 2363 4216">
    <p class='ocr_par' dir='ltr' id='par_1_13' title="bbox 1415 3831 2051 3903">
     <span class='ocr_line' id='line_1_53' title="bbox 1415 3831 2051 3903; baseline -0.003 -19"><span class='ocrx_word' id='word_1_343' title='bbox 1415 3835 1468 3884; x_wconf 89' lang='lat'>6.</span> <span class='ocrx_word' id='word_1_344' title='bbox 1496 3832 1775 3903; x_wconf 77' lang='lat' dir='ltr'>Equestria·</span> <span class='ocrx_word' id='word_1_345' title='bbox 1806 3831 2051 3884; x_wconf 89' lang='lat' dir='ltr'>Decurio.</span> 
     </span>
    </p>

    <p class='ocr_par' dir='ltr' id='par_1_14' title="bbox 1333 3911 2363 4216">
     <span class='ocr_line' id='line_1_54' title="bbox 1414 3911 2354 3981; baseline -0.001 -17"><span class='ocrx_word' id='word_1_346' title='bbox 1414 3932 1469 3981; x_wconf 90' lang='lat'>7.</span> <span class='ocrx_word' id='word_1_347' title='bbox 1498 3911 1731 3963; x_wconf 78' lang='lat' dir='ltr'>Ominata</span> <span class='ocrx_word' id='word_1_348' title='bbox 1753 3924 1838 3964; x_wconf 86' lang='lat' dir='ltr'>est.</span> <span class='ocrx_word' id='word_1_349' title='bbox 1873 3913 1938 3963; x_wconf 89' lang='lat' dir='ltr'>In</span> <span class='ocrx_word' id='word_1_350' title='bbox 1970 3928 2116 3967; x_wconf 82' lang='lat' dir='ltr'>coena</span> <span class='ocrx_word' id='word_1_351' title='bbox 2143 3911 2354 3964; x_wconf 83' lang='lat' dir='ltr'>militari</span> 
     </span>
     <span class='ocr_line' id='line_1_55' title="bbox 1333 3989 2356 4063; baseline 0 -20"><span class='ocrx_word' id='word_1_352' title='bbox 1333 3991 1514 4062; x_wconf 83' lang='lat' dir='ltr'>Scipio</span> <span class='ocrx_word' id='word_1_353' title='bbox 1530 3991 1680 4061; x_wconf 86' lang='lat' dir='ltr'>quasi</span> <span class='ocrx_word' id='word_1_354' title='bbox 1694 3989 1936 4063; x_wconf 63' lang='lat' dir='ltr'>praevidit</span> <span class='ocrx_word' id='word_1_355' title='bbox 1950 4004 2280 4061; x_wconf 86' lang='lat' dir='ltr'>sumptuosas</span> <span class='ocrx_word' id='word_1_356' title='bbox 2294 3992 2356 4043; x_wconf 88' lang='lat' dir='ltr'>il·</span> 
     </span>
     <span class='ocr_line' id='line_1_56' title="bbox 1335 4070 2359 4143; baseline 0.001 -21"><span class='ocrx_word' id='word_1_357' title='bbox 1335 4070 1409 4122; x_wconf 84' lang='lat' dir='ltr'>las</span> <span class='ocrx_word' id='word_1_358' title='bbox 1437 4084 1640 4134; x_wconf 81' lang='lat' dir='ltr'>coenas,</span> <span class='ocrx_word' id='word_1_359' title='bbox 1682 4089 1814 4143; x_wconf 84' lang='lat' dir='ltr'>quas</span> <span class='ocrx_word' id='word_1_360' title='bbox 1846 4072 1904 4123; x_wconf 88' lang='lat' dir='ltr'>P.</span> <span class='ocrx_word' id='word_1_361' title='bbox 1940 4072 2003 4123; x_wconf 85' lang='lat' dir='ltr'>R.</span> <span class='ocrx_word' id='word_1_362' title='bbox 2038 4084 2218 4135; x_wconf 77' lang='lat' dir='ltr'>nocte,</span> <span class='ocrx_word' id='word_1_363' title='bbox 2255 4090 2359 4143; x_wconf 79' lang='lat' dir='ltr'>qua</span> 
     </span>
     <span class='ocr_line' id='line_1_57' title="bbox 1340 4151 2363 4216; baseline 0.002 -14"><span class='ocrx_word' id='word_1_364' title='bbox 1340 4151 1651 4203; x_wconf 84' lang='lat' dir='ltr'>nunciatum</span> <span class='ocrx_word' id='word_1_365' title='bbox 1676 4151 1805 4216; x_wconf 84' lang='lat' dir='ltr'>fuit,</span> <span class='ocrx_word' id='word_1_366' title='bbox 1831 4151 2075 4205; x_wconf 85' lang='lat' dir='ltr'>Cimbros</span> <span class='ocrx_word' id='word_1_367' title='bbox 2099 4152 2164 4204; x_wconf 84' lang='lat' dir='ltr'>ab</span> <span class='ocrx_word' id='word_1_368' title='bbox 2186 4172 2248 4203; x_wconf 87' lang='lat' dir='ltr'>eo</span> <span class='ocrx_word' id='word_1_369' title='bbox 2271 4151 2363 4207; x_wconf 82' lang='lat' dir='ltr'>de·</span> 
     </span>
    </p>
   </div>
  </div>
 </body>
</html>
