3143 5204
749 462 885 543 104
1073 460 1515 527 VALERII
1575 458 1983 525 MAXIMI
2041 459 2229 524 LIB.
2292 456 2521 526 VIII.

742 593 1010 659 miniani
1027 643 1045 676 ‚
1067 590 1306 659 relictis
1332 591 1636 676 Athenis,
1657 589 1971 658 Rhodum
1989 590 2288 683 petisset,
2305 604 2502 683 atque
2520 590 2606 657 ibi
2626 606 2867 684 rogatu

744 699 1021 765 civitatis
1056 721 1241 766 suam
1285 698 1470 791 prius
1506 697 1571 763 in
1618 695 2152 790 Ctesiphontem,
2182 695 2431 769 ,deinde
2472 697 2869 766 Demosthe·

748 806 848 890 nis
892 829 1015 896 pro
1061 804 1294 873 eodem
1343 804 1709 872 orationem
1753 801 2110 871 clarissima
2161 817 2230 871 et
2280 800 2665 872 suavissima
2707 829 2872 871 voce

747 910 1119 997 recitasset,
1141 910 1619 979 admirantibus
1654 911 1914 979 cunctis
1951 911 2296 1003 utriusque
2327 908 2712 979 voluminis¹
2750 909 2876 978 elo—

753 1018 1086 1109 quentiam
1113 1071 1133 1105 ,
1182 1016 1294 1085 sed
1341 1015 1677 1112 aliquanto
1734 1019 1944 1110 magis
1995 1016 2507 1085 Demosthenis:
2558 1016 2747 1107 Quid
2776 1021 2872 1101 si,

753 1124 997 1217 inquit,
1026 1129 1244 1219 ipsum
1277 1120 1680 1193 audissettsss!
1703 1126 1955 1192 Tantus
1985 1137 2245 1210 orator,
2276 1137 2343 1191 et
2377 1123 2576 1192 modo
2606 1137 2746 1191 tam
2782 1124 2876 1190 in·

756 1230 960 1298 festus
1012 1230 1423 1300 adversarius
1448 1285 1467 1318 ‚
1525 1232 1618 1299 sic
1659 1232 1904 1299 inimici
1948 1231 2085 1297 vim
2134 1228 2570 1324 ardoremque
2620 1228 2880 1298 dicendi

757 1337 1089 1430 suspexit,
1124 1352 1200 1405 ut
1236 1362 1304 1406 se
1342 1339 1739 1432 scriptorum
1776 1337 1916 1431 ejus
1947 1361 2183 1431 parum
2222 1335 2534 1404 idoneum
2566 1333 2879 1405 lectorem

760 1467 900 1511 csse
929 1443 1350 1536 praedicaret5
1393 1459 1705 1540 expertus
1743 1444 2138 1512 acerrimum
2172 1441 2520 1511 oculorum
2554 1443 2886 1536 vigorem,

761 1548 1048 1618 terribile
1102 1548 1324 1619 vultus
1379 1550 1674 1645 pondus,
1727 1547 2300 1619 accommodatum
2348 1547 2621 1643 singulis
2665 1547 2889 1616 verbis

764 1681 998 1723 sonum
1054 1659 1268 1741 vocis,
1326 1656 1811 1726 efficacissimos
1872 1660 2169 1750 corporis
2233 1669 2488 1737 motus3
2546 1679 2708 1748 ergo
2767 1654 2889 1721 etsi

766 1763 949 1855 operi
1010 1760 1179 1832 illius
1239 1762 1429 1856 adjici
1490 1760 1654 1831 nihil
1719 1777 1937 1857 potest
1961 1815 1982 1848 ‚
2042 1777 2263 1831 tamen
2317 1763 2386 1829 in
2439 1760 2894 1829 Demosthene

767 1893 1006 1962 magna
1065 1893 1217 1962 pars
1266 1868 1732 1938 Demosthenis
1788 1868 2008 1937 abest²
2033 1921 2052 1955 ,
2112 1868 2291 1962 quod
2340 1867 2580 1961 legitur
2633 1868 2898 1961 potius,

768 1999 963 2067 quam
1007 1975 1288 2043 auditur.

1461 2207 1932 2296 CAPUT
2022 2199 2197 2295 XI.

1097 2425 1184 2488 De
1213 2422 1539 2513 effectibus
1574 2427 1806 2489 artium
1841 2429 2001 2490 raris
2036 2427 2214 2514 apud
2244 2426 2582 2491 Romanos.

1116 2626 1152 2656 t.
1173 2611 1435 2672 Astrologin
1455 2613 1507 2658 C.
1529 2613 1723 2672 Sulpicii
1746 2613 1883 2659 Galli.
1909 2639 1970 2649 -—
1993 2629 2040 2660 2.
2059 2614 2335 2675 Aruspicinn
2356 2615 2578 2676 spurinae.

1104 2779 1198 2841 De
1231 2776 1557 2866 ffctibus
1594 2782 1828 2844 artium
1863 2785 2025 2845 raris
2055 2782 2232 2871 apud
2258 2784 2595 2847 Externos.

791 2977 828 3008 1.
865 2964 898 3006 Α
905 2972 970 3007 srt
949 2962 1096 3024 riolog
1099 2978 1125 3008 a
1156 2956 1361 3010 Periclis.
1396 2990 1455 2998 —
1491 2980 1533 3011 2.
1564 2965 1617 3009 Pi
1618 2973 1748 3011 cturn
1776 2966 1954 3027 Apellis
1984 2975 2032 3013 et
2060 2967 2257 3028 plastice
2283 2966 2392 3026 Lysi
2377 2966 2494 3027 ippi.
2530 2993 2589 3001 -
2623 2966 2668 3012 3.
2697 2966 2913 3011 Vulcano
2974 2933 2975 2936 =

845 3041 1120 3088 Alcamenis.
1139 3068 1198 3078 —
1219 3050 1262 3097 4.
1286 3045 1470 3090 Venere
1493 3045 1828 3090 Praxitelis.—
1848 3045 1889 3091 5.
1910 3048 2130 3108 Neptuno
2156 3045 2448 3107 Euphranor-i
2433 3062 2485 3091 ιε.
2505 3073 2563 3080 -
2596 3045 2642 3092 6.
2667 3046 2912 3107 Agamem·

847 3137 966 3168 none
987 3123 1225 3168 Timantis.
1242 3149 1302 3158 —
1328 3139 1374 3182 7.
1396 3124 1530 3184 Equo
1549 3124 1709 3170 Nealci
1694 3141 1748 3170 m

841 3284 941 3335 DE
981 3283 1488 3338 EFFECTIBUS
1528 3286 1856 3338 ARTIUM
1896 3286 2139 3338 RARIS
2182 3286 2406 3339 APUD
2444 3285 2861 3339 ROMANOS.

897 3470 1192 3540 Effectus
1220 3475 1415 3540 etiam
1448 3473 1689 3541 artium
1716 3472 2032 3566 recogniti
2050 3458 2073 3496 ³
2099 3487 2377 3567 possunt
2402 3469 2646 3566 aliquid
2675 3472 2918 3540 afferre

791 3577 1182 3671 voluptatis:
1231 3580 1664 3673 protinusque
1699 3592 1766 3648 et
1800 3601 1997 3673 quam
2041 3578 2287 3648 utiliter
2328 3580 2714 3673 excogitatae
2755 3581 2920 3664 sint,

884 3798 929 3830 1.
961 3780 1016 3827 V
1010 3779 1245 3832 oluminis.
1280 3778 1346 3831 ld
1370 3792 1480 3840 cst,
1514 3780 1806 3845 orationis;
1899 3780 2172 3842 columitas,
2216 3778 2271 3832 id
2310 3793 2388 3834 est
2414 3820 2429 3848 ,
2456 3780 2834 3833 Demosthenis
2870 3791 2922 3833 et

796 3858 1038 3928 hancque
1094 3858 1374 3910 lectionem
1395 3899 1410 3924 ‚
1468 3877 1625 3930 quam
1673 3878 1809 3912 non·
1899 3861 2183 3914 AEschinis.

797 3937 927 3988 nulli
947 3939 1099 3990 MSS.
1115 3952 1167 3991 et
1191 3937 1505 4008 editioMog.
1523 3940 1735 4000 habent,
1750 3941 1804 3991 in
1984 3960 2033 3992 2.
2060 3940 2228 3993 Abest.
2248 3942 2365 3992 Vox
2387 3978 2402 4004 ‚
2420 3953 2472 3993 ct
2495 3939 2672 3992 vultus
2687 3976 2704 4002 ‚
2729 3952 2782 3992 et
2811 3958 2923 3991 mo·

794 4028 994 4070 textum
1035 4019 1326 4071 Torrenius
1368 4019 1593 4090 recepit,
1640 4037 1804 4089 quum
1898 4033 1981 4072 tus
2007 4020 2259 4090 corporis.

794 4095 942 4165 Pigh.
972 4099 1192 4151 Colcrus
1227 4112 1278 4152 et
1310 4100 1492 4152 Vorst.
1519 4097 1807 4152 edidissent
1980 4102 2028 4153 3.
2078 4100 2329 4167 Recognite'
2354 4113 2571 4169 possunt.
2607 4098 2788 4152 Editio
2823 4110 2927 4153 vet.
