3143 5204
669 480 804 547 DE
858 479 1389 548 NOMINUM
1444 480 1935 548 RATIONE.

2208 480 2355 551 213

251 612 418 699 Quae
461 608 616 678 olim
658 611 1062 705 praenomina
1097 608 1400 696 fuerunt,
1433 635 1612 679 nunc
1639 612 2032 705 cognomina
2062 626 2249 681 sunt:
2290 628 2364 681 ut

249 719 628 801 PostumuS‚
671 715 1029 812 Agrippass
1063 715 1418 803 ProculuS,
1461 715 1740 786 Caesar².

357 825 626 917 Opiter,
654 824 785 943 ’qui
825 837 1013 918 patre
1050 837 1347 911 mortuo,
1394 846 1521 891 avo
1553 824 1711 891 vivo
1754 823 2183 917 gignebatur3
2223 827 2362 894 Vo-

249 929 504 1023 piscuS,
558 929 670 1023 qui
717 930 783 998 in
839 944 1028 998 utero
1076 931 1306 999 matris
1351 931 1650 1022 geminus
1712 944 2107 1023 conceptuS‚
2157 929 2365 1000 altero

249 1034 490 1104 abortu
518 1034 766 1129 ejecto,
807 1034 1153 1105 incolumis
1190 1036 1403 1105 editus
1440 1050 1613 1120 erat3
1657 1038 1944 1122 Hostus»,
1986 1060 2364 1129 praenomen

247 1126 416 1210 fuit³
459 1144 526 1210 in
558 1166 669 1229 en,
708 1143 819 1235 qui
855 1166 1128 1237 peregre
1167 1141 1359 1278 apud
1379 1141 1706 1236 hospitem
1743 1156 1935 1210 natus
1965 1157 2137 1228 erat,
2169 1142 2365 1236 idque

246 1246 482 1318 habuit
516 1250 864 1318 Lucretius
902 1235 1359 1343 Tricipitinus⁴
1404 1246 1655 1342 collega
1697 1250 1776 1316 L.
1817 1250 2065 1342 Sergii·
2048 1299 2067 1332 ,
2117 1248 2366 1318 Volero

338 1450 388 1483 1.
424 1431 495 1483 [Je
526 1433 810 1492 Postumus,
844 1431 1087 1501 Agrippa.
1116 1430 1186 1483 V.
1216 1449 1262 1483 c.

250 1511 537 1562 posthumus
553 1511 800 1581 Agrippa.
826 1511 999 1581 Atque
1016 1510 1127 1562 haec
1144 1510 1265 1581 qui-

248 1588 373 1641 dem
393 1590 552 1643 fuisse
570 1590 626 1642 in
649 1590 883 1661 patriciis
900 1588 1143 1660 gentibus
1156 1589 1267 1661 qui-

248 1667 473 1723 busdam
505 1670 735 1741 antiquis
763 1669 1114 1741 praenomina‚
1145 1669 1265 1722 fasti

248 1750 547 1803 consulares
604 1748 982 1802 demonstrant.
1060 1749 1265 1820 Nempe

250 1829 509 1881 Postumus
542 1829 807 1901 reperitur
840 1830 896 1881 in
917 1828 1159 1881 Cominia
1172 1868 1188 1895 ‚
1212 1840 1265 1882 et

248 1909 487 1962 AEbutia:
498 1911 722 1980 Agrippa
733 1921 925 1973 autem,
936 1908 990 1963 in
1001 1907 1266 1973 Menenia,

249 2000 305 2041 et
325 1988 511 2054 Furia;
533 1989 607 2043 sic
624 1989 884 2055 Proculus,
904 1988 1141 2052 insufla,
1164 1988 1267 2041 Ge·

247 2067 421 2139 gania,
438 2069 760 2139 etVirginia.
778 2070 910 2134 Quae
920 2068 1264 2139 praenomina,

251 2161 312 2201 ut
341 2161 397 2200 et
418 2149 544 2214 alia,
570 2148 885 2220 posteriores
901 2148 1119 2220 plebeiae
1137 2166 1267 2219 prm·

250 2228 432 2280 sertim
463 2240 640 2299 gentes
669 2226 912 2299 quaedam
942 2246 1043 2299 pro
1070 2245 1265 2297 cogno-

252 2308 486 2361 minibus
495 2321 846 2379 acceptarunt.
861 2310 1114 2360 Postumus
1122 2306 1265 2359 enim

252 2387 310 2439 in
340 2400 494 2457 gente
522 2388 716 2453 Vibia,
753 2400 807 2440 et
830 2386 1043 2440 Rabiria
1068 2404 1264 2456 cogno-

251 2486 377 2518 men
395 2481 495 2533 θεῖς
516 2467 741 2539 Agrippa
757 2480 933 2521 autem
947 2466 1003 2518 in
1018 2466 1234 2518 Fonteia
1248 2499 1264 2527 ,

251 2547 490 2600 Vibullia
503 2587 518 2613 ,
543 2547 824 2619 Vipsania,
844 2559 897 2599 et
913 2545 1120 2613 Asinia3
1136 2545 1265 2598 item

252 2628 489 2680 Proculus
530 2629 588 2680 in
637 2640 792 2699 gente
820 2627 1023 2682 Licinia
1048 2667 1064 2693 ,
1109 2640 1265 2698 atque

253 2707 476 2760 Plautia.

338 2807 390 2840 α.
425 2787 595 2840 Coesur
617 2800 666 2839 et
698 2788 884 2859 Opiter.
922 2787 1009 2840 Sic
1040 2784 1262 2840 codices.

251 2866 359 2920 Sed
406 2867 464 2920 in
515 2868 882 2939 manuscriptis
923 2861 1036 2920 aliis
1076 2867 1265 2938 copula

252 2947 544 3009 omittitur,
576 2966 673 3000 nec
699 2948 852 3000 male·
886 2946 1022 2999 Nam
1050 2945 1105 2998 in
1137 2947 1265 3015 Opi-

255 3039 330 3078 ter
350 3026 754 3097 significationes
774 3026 1162 3098 praenominum
1187 3025 1267 3078 in·

252 3107 388 3178 cipit
417 3126 703 3179 exponere3
748 3105 893 3177 quod
933 3106 1106 3178 ipsum
1146 3106 1264 3177 qui-

252 3184 379 3239 dem
403 3187 561 3241 fuisse
588 3206 909 3258 cognomen,
945 3205 1053 3238 non
1080 3186 1264 3257 liquet.

255 3267 431 3320 Porro
451 3307 467 3333 ,
515 3267 703 3328 Coesur,
762 3266 1029 3318 Iuliorum
1070 3283 1264 3335 cogno·

254 3366 381 3399 men
423 3366 533 3400 esse
565 3359 793 3410 constat;
827 3343 919 3398 ‘sed
955 3364 1021 3397 an
1058 3364 1265 3415 praeno-

256 3446 381 3480 men
414 3440 563 3480 antea
596 3428 785 3490 fuerit,
817 3426 1100 3477 obscurum
1133 3443 1267 3494 quo·

256 3526 365 3577 que
394 3508 549 3560 nobis
572 3519 665 3560 est.
699 3504 955 3576 Adjungit
978 3516 1150 3555 tamen
1176 3503 1266 3568 iis,

254 3605 376 3656 quae
416 3605 480 3639 ex
516 3586 928 3658 prenominibus
957 3583 1268 3654 cognomina

255 3668 393 3720 sacta
431 3680 570 3720 sunt.
603 3666 762 3736 Atqui
792 3665 931 3717 Coeso
958 3675 1107 3716 vetus
1136 3681 1269 3733 prae-

254 3766 453 3800 nomen
484 3765 593 3800 esse
617 3743 850 3816 ejusdem
875 3744 1094 3814 originis
1123 3754 1177 3795 et
1206 3742 1274 3795 si-

253 3826 611 3897 gnificationis
648 3843 709 3878 ac
765 3825 935 3878 Coesar
978 3840 1269 3894 cognomen

253 3907 414 3959 Juliae
439 3906 610 3976 gentis
640 3906 818 3975 plures
843 3905 1145 3974 opinantur.
1182 3902 1273 3954 Ait

255 3987 401 4039 enim
434 3986 640 4039 Plinius
668 3984 806 4037 libro
833 3985 942 4036 VII
960 4022 977 4048 ‚
1006 3983 1175 4054 capite
1208 4002 1271 4048 9,

250 4073 458 4136 primum
485 4066 723 4117 Coesurem
747 4085 779 4114 u
800 4085 921 4115 caeso
950 4067 1114 4114 matris
1142 4075 1273 4114 utero

255 4149 455 4208 Aeetam,
477 4146 729 4216 eademque
744 4145 803 4196 de
825 4165 967 4198 cama
984 4156 1030 4196 et
1053 4144 1271 4199 Caesoncs

1350 1400 1614 1501 appellutos
1651 1433 1821 1496 fuisse.
1874 1430 2043 1483 Coesar
2095 1433 2247 1484 etiam
2290 1434 2366 1486 le·

1348 1509 1482 1579 gisse
1496 1508 1711 1563 videtur
1731 1510 1764 1561 J
1768 1511 1918 1562 acob.
1940 1511 2157 1564 Curtius
2175 1519 2365 1564 Emen-

1350 1587 1481 1641 datt.
1520 1590 1614 1643 lib.
1655 1591 1715 1654 I,
1743 1608 1858 1661 cap.
1902 1594 1971 1643 26
1993 1628 2009 1653 ‚
2043 1592 2133 1661 qui
2165 1611 2227 1644 ex
2256 1593 2366 1645 Va·

1348 1669 1481 1721 lerio
1504 1670 1684 1722 Probo
1715 1670 1840 1722 item
1872 1688 2175 1741 praenomen
2207 1671 2366 1725 fuisse

1350 1768 1500 1820 aeque
1523 1767 1584 1801 ac
1609 1750 1842 1801 Proculus
1869 1761 2036 1819 putat.
2056 1750 2363 1804 Perizonius

1347 1827 1553 1899 legebat
1597 1846 1697 1899 pro
1738 1828 1940 1889 Caesam·
1981 1842 2199 1881 coeterum
2238 1850 2257 1883 :
2304 1845 2364 1884 ut

1348 1907 1452 1960 hoc
1482 1909 1740 1962 vocabulo
1768 1920 2064 1961 nauseatur
2097 1908 2164 1962 ad
2202 1929 2362 1981 expo-

1348 1987 1592 2040 sitionem
1612 2001 1918 2041 caeterorum
1942 1990 2360 2057 praenominum:

1349 2065 1520 2119 videri
1557 2068 1702 2120 enim
1740 2067 1972 2138 alioquin
2007 2069 2165 2121 nimis
2201 2072 2360 2122 abru-

1350 2159 1496 2217 ptam
1528 2166 1639 2199 esse
1674 2146 2064 2215 transitionem,
2099 2167 2215 2219 quae
2244 2167 2360 2219 spe·

1349 2226 1483 2278 ciem
1528 2226 1728 2279 lacuna
1774 2228 2015 2296 praeferat
2043 2245 2057 2279 ε
2103 2229 2360 2299 scriptum

1351 2318 1524 2358 autem
1546 2306 1706 2359 fuisse
1723 2318 1882 2358 coeter.
1910 2319 1969 2358 ut
1986 2307 2104 2358 dier.
2129 2327 2230 2380 pro
2247 2306 2359 2359 die-

1353 2404 1505 2451 rum,
1544 2398 1598 2438 et
1626 2385 1815 2439 similia
1844 2386 2139 2441 scribantur
2173 2386 2363 2440 decur-

1352 2475 1476 2518 tata.
1496 2464 1623 2519 Isid.
1642 2465 1736 2518 lib.
1756 2466 1784 2516 I
1798 2504 1816 2531 ‚
1843 2472 1874 2529 4
1893 2504 1909 2530 ,
1935 2477 2156 2518 coeterum
2169 2473 2363 2537 proprie

1349 2557 1528 2597 vocata
1565 2546 1863 2599 Nicostrata.
1908 2548 2151 2599 Attamen
2197 2547 2360 2601 Paris.

1350 2626 1508 2696 prim.
1539 2625 1694 2679 Leid.
1726 2638 1842 2678 tert.
1883 2626 2065 2682 Coesar.

1434 2706 1486 2758 3.
1524 2707 1722 2765 Hostus,
1747 2725 2018 2776 proenomen
2033 2713 2157 2772 suet.
2186 2708 2251 2759 In
2271 2726 2360 2759 ve·

1349 2797 1461 2838 tere
1498 2785 1681 2838 codice
1714 2787 1890 2837 Hostes
1915 2786 2126 2857 legitur.
2154 2787 2357 2838 Verum

1349 2883 1412 2918 ex
1444 2867 1629 2930 Livio,
1665 2866 1970 2930 Mambio,
2000 2864 2320 2919 Cassiodoro
2343 2905 2359 2931 ,

1350 2945 1804 3016 mal-moribusque
1856 2946 2152 3016 capitolinis
2209 2946 2358 2998 colli-

1346 3042 1470 3095 gere
1492 3038 1568 3078 est
1580 3063 1595 3088 ‚
1611 3026 1795 3077 Hostus
1821 3025 1922 3094 legi
1937 3022 2156 3088 debere,
2172 3044 2360 3096 quem-

1351 3102 1637 3156 admodum
1687 3106 1827 3156 libro
1876 3104 2032 3156 tertio
2072 3106 2359 3158 Annalium

1350 3184 1407 3234 in
1443 3184 1592 3236 istius
1613 3183 1870 3247 Lucretii,
1900 3184 1993 3255 qui
2025 3184 2113 3237 hic
2148 3183 2364 3238 adduci·

1350 3275 1468 3326 tur,
1510 3263 1785 3315 consulatu
1826 3260 2234 3317 demonstratur.
2275 3266 2362 3317 In·

1351 3361 1509 3412 super
1527 3342 1635 3394 XII
1662 3342 1879 3394 Tabulae
1900 3340 2185 3396 ostendunt
2208 3363 2361 3416 pere·

1349 3422 1527 3491 grinos
1547 3439 1732 3473 omnes
1753 3421 1882 3473 olim
1901 3422 2188 3492 appellatos
2209 3425 2360 3477 hostes

1351 3501 1537 3566 suisse3
1569 3498 1716 3571 quod
1743 3500 1898 3553 etiam
1923 3501 2139 3568 Cicero,
2167 3514 2221 3554 et
2241 3503 2358 3557 Sex.

1354 3581 1636 3652 Pompeius
1657 3593 1992 3633 annotarunt.
2017 3581 2104 3642 Ex,
2115 3599 2217 3652 qua
2232 3600 2363 3635 voce

1354 3659 1633 3713 deducitur
1680 3658 1822 3712 istud
1871 3678 2175 3731 praenomen
2193 3698 2209 3724 ,
2255 3679 2362 3732 quo

1354 3742 1433 3793 usi
1465 3754 1590 3793 sunt
1616 3739 1777 3810 primi
1808 3741 2016 3791 Hostilii
2043 3753 2095 3792 et
2125 3753 2244 3794 ante
2274 3761 2364 3794 ur·

1354 3822 1477 3873 bem
1494 3818 1762 3887 conditam
1778 3837 1794 3884 ς
1813 3821 2037 3871 Lucretia
2064 3821 2188 3872 item
2208 3839 2361 3891 gens,

1355 3901 1490 3954 sicut
1512 3919 1576 3954 ex
1600 3900 1743 3953 fastis
1760 3900 2120 3952 consularibus
2141 3911 2361 3953 constat.

1356 3981 1518 4034 Paris.
1542 3980 1700 4049 prim.
1724 3978 1873 4031 Leid.
1896 3991 2015 4031 tert.
2039 3980 2227 4049 Ultraj.
2260 3998 2362 4035 sec.

1356 4059 1439 4114 ed.
1470 4061 1614 4129 Mog.
1645 4061 1844 4129 Hospes.

1451 4147 1499 4201 lq.
1546 4141 1866 4210 Tricipitinus.
1911 4140 1988 4191 lta
2004 4177 2021 4203 ‚
2059 4158 2167 4192 non
2208 4141 2256 4192 Τ
2251 4143 2370 4192 rici·
2411 4185 2414 4192 ,

1934 4233 2053 4330 14³
