3143 5204
769 472 918 544 216

1581 472 2062 539 EPITOME

764 619 986 673 autem
1011 603 1236 674 scribit
1252 601 1292 689 ¹,
1312 601 1491 697 quod
1518 600 1814 671 cubitum
1832 601 2142 670 vitiosum
2170 601 2495 691 habuerit,
2517 602 2633 696 qui
2650 606 2886 675 Graece

768 710 1045 781 vocatur
1093 710 1315 805 ἀγκών·
1358 709 1545 778 Lucii
1599 722 1941 802 coeperunt
1977 704 2329 802 appellari,
2365 710 2478 802 qui
2518 710 2662 803 ipso
2698 710 2884 779 initio

768 815 934 886 lucis
972 820 1100 886 orti
1128 830 1349 900 erant,
1376 828 1518 901 aut,
1549 828 1628 883 ut
1653 813 1920 908 quidam
1948 814 2381 902 arbitrantur,
2408 815 2447 884 a
2483 818 2884 886 Lucumoni—

770 923 894 992 bus
934 924 1247 1007 etruscis;
1289 922 1498 989 Manii
1520 971 1539 1003 ‚
1593 922 1707 1014 qui
1759 943 1952 988 mane
2006 918 2162 988 editi
2210 934 2398 989 erant
2417 974 2435 1007 ,
2490 919 2595 989 vel
2646 923 2888 992 ominis

769 1053 997 1116 causa,
1035 1028 1221 1122 quasi
1251 1028 1439 1114 boni,
1467 1050 1737 1095 manum
1765 1027 1939 1095 enim
1973 1026 2219 1120 antiqui
2257 1026 2508 1095 bonum
2544 1027 2886 1112 dicebant3

770 1138 1017 1206 Gnaeus
1039 1135 1126 1204 ob
1148 1135 1399 1228 insigne
1417 1134 1587 1202 naevi
1607 1130 1971 1227 appellatus
1987 1129 2008 1154 ²
2040 1146 2139 1200 est
2154 1185 2173 1218 ,
2199 1132 2379 1225 quod
2399 1155 2607 1201 unum
2630 1158 2886 1227 praeno-

767 1267 923 1310 men
952 1241 1134 1309 varia
1160 1241 1485 1335 scriptura
1510 1252 1798 1325 notatur,
1828 1236 1933 1307 alii
1958 1238 2132 1305 enim
2149 1239 2417 1325 Naeum,
2441 1238 2549 1307 alii
2570 1240 2850 1309 Gnaeum
2868 1293 2889 1327 ,

772 1346 878 1415 alii
914 1349 1190 1419 Cnaeurn
1222 1345 1552 1432 scribunt3
1579 1346 1691 1439 qui
1717 1345 1782 1414 G
1811 1342 1996 1412 litera
2025 1344 2093 1411 in
2120 1344 2249 1413 hoc
2275 1346 2678 1439 praenomine
2703 1360 2891 1414 utun-

771 1468 911 1537 tur,
946 1452 1400 1546 antiquitatem
1420 1451 1602 1544 sequi
1624 1450 1967 1536 videntur,
1995 1475 2140 1544 quae
2158 1448 2440 1518 multum
2462 1476 2539 1520 ea
2566 1448 2756 1520 litera
2772 1477 2893 1521 usa

774 1572 913 1645 est5
961 1556 1118 1627 olim
1161 1559 1336 1626 enim
1379 1555 1688 1626 dicebant
1734 1555 2224 1688 frugmentum,
2268 1581 2445 1626 nunc
2486 1556 2890 1628 frumentum

773 1663 1132 1758 profertur,
1168 1678 1236 1733 et
1272 1661 1822 1758 gnatura,1nodo
1850 1648 2122 1731 natura³

2140 1689 2156 1729 ε
2206 1662 2405 1756 igitur
2437 1665 2634 1733 etiam
2671 1665 2784 1759 qui
2825 1665 2894 1732 in

862 1912 911 1946 1.
954 1890 1182 1944 Valerius
1216 1903 1371 1944 autem
1400 1891 1580 1944 scribit.
1622 1890 1789 1943 Joan-
1876 1889 2545 1945 voc.Bellitudinem.-Vams
2561 1890 2895 1963 mollem-ias,-

776 1971 863 2024 nis
878 1970 1321 2036 Sambucicodex‚
1331 1971 1459 2024 item
1470 1971 1604 2025 alius
1612 1986 1792 2022 manu·
1878 1969 2185 2041 simpliciter
2209 1983 2385 2023 autem
2400 1971 2599 2023 Verrius
2619 1971 2897 2042 saepiasime

778 2050 1004 2122 scriptus
1027 2050 1215 2115 habet,
1241 2051 1466 2103 Valerius
1487 2051 1668 2103 Antias
1681 2052 1795 2102 scri·
1879 2050 2170 2121 appellatur
2204 2068 2236 2102 a
2255 2050 2620 2120 grammaticis.
2648 2048 2790 2103 Vide
2819 2063 2895 2104 te·

781 2130 867 2183 bit.
895 2132 964 2184 Et
981 2130 1133 2183 facile
1159 2128 1319 2184 credo
1341 2130 1583 2183 librarios
1598 2148 1794 2200 cogno·

778 2225 901 2263 men
936 2211 1040 2263 hoc
1076 2209 1201 2281 ipsis
1230 2209 1496 2263 insuetum
1535 2222 1794 2274 mutasse,

1882 2129 2130 2183 stimonia
2176 2142 2231 2181 et
2272 2129 2568 2183 citationes.
2600 2149 2664 2182 ex
2724 2130 2898 2181 Verrio

1879 2209 2142 2280 praemissa
2173 2208 2346 2263 Festo.
2378 2209 2541 2262 Varro
2568 2228 2669 2281 pro
2698 2208 2758 2261 V
2749 2213 2897 2261 errius

779 2290 1135 2343 existimantes
1164 2289 1365 2369 Valerii
1396 2289 1618 2342 Maximi
1646 2307 1794 2342 men-
1882 2286 2023 2359 apud
2060 2288 2332 2352 Servium3
2373 2289 2516 2342 conf.
2542 2289 2738 2360 Cuper.
2767 2290 2895 2343 Obs.

780 2370 981 2422 tionem
1002 2369 1091 2422 hic
1107 2368 1240 2421 fieri.
1258 2369 1420 2423 Ptou.
1440 2370 1668 2421 Valerius
1683 2369 1796 2421 An·
1883 2370 1930 2432 1,
1950 2371 2020 2433 6,
2005 2386 2019 2400 ·
2027 2368 2095 2429 si
2120 2379 2262 2421 recte
2280 2367 2605 2432 emendavit,
2591 2388 2604 2401 ·
2632 2369 2895 2422 Pmuzoa.

786 2451 877 2501 tias
892 2449 1076 2513 scribit,
1096 2449 1226 2520 quod
1241 2449 1446 2501 cubitum
1466 2452 1691 2500 vitiatum
1708 2448 1797 2498 lia·
1883 2447 2048 2500 Paris,
2075 2447 2232 2517 prim.
2262 2446 2413 2502 Leid.
2436 2461 2553 2501 tert.
2579 2448 2770 2521 Ultraj.
2798 2468 2897 2503 sec.

784 2529 953 2581 buerit.
990 2528 1077 2580 Sic
1115 2528 1266 2598 Pigh.
1305 2542 1365 2581 ut
1391 2524 1606 2599 quidem
1634 2528 1707 2580 ait
1733 2546 1799 2580 ex

785 2608 1034 2663 Samhuci
1059 2621 1112 2661 et
1133 2609 1239 2660 alio
1260 2607 1443 2663 codice
1457 2641 1474 2669 ,
1503 2607 1573 2661 de
1601 2627 1709 2679 quo
1731 2619 1802 2660 ta-

786 2695 908 2741 men
925 2687 1131 2741 dubito·
1148 2688 1304 2741 Certe
1328 2689 1614 2741 anteriores
1634 2685 1799 2740 eddit.

784 2767 1017 2821 habuere
1045 2767 1270 2819 Valerius
1299 2780 1471 2820 autem.
1515 2767 1640 2819 Non
1667 2767 1804 2819 male

787 2844 1630 2918 fortasse.Cod.Copeaian.Varius
1647 2858 1801 2898 autem

788 2928 976 2985 scribit,
1000 2926 1131 2999 quod
1144 2927 1351 2979 cubitum
1375 2931 1608 2978 intonsum
1626 2926 1801 2978 habue-

790 3013 883 3060 rit:
901 3027 963 3060 ex
977 3025 1086 3078 quo
1108 3007 1243 3076 legat
1257 3006 1449 3077 aliquis
1465 3006 1702 3058 :Verrius
1720 3025 1807 3059 au·

792 3100 885 3138 tem
921 3089 1132 3158 scripsit,
1179 3085 1309 3158 quod
1340 3086 1545 3138 cubitum
1578 3089 1803 3137 intortum

682 3221 685 3222 a
792 3166 1022 3218 habuerit.
1054 3167 1149 3219 Eat
1172 3165 1317 3219 enim
1351 3166 1397 3218 is
1427 3165 1627 3218 Verrius
1653 3167 1706 3219 F
1703 3166 1805 3218 lac-

791 3265 874 3297 cus
899 3246 1270 3299 celeberrimus
1296 3245 1664 3317 grammaticus
1679 3284 1694 3311 ,
1713 3245 1807 3317 qui

793 3325 1015 3396 Augusti
1035 3337 1273 3397 tempore
1296 3325 1426 3378 vixit
1439 3363 1457 3389 ‚
1496 3326 1646 3395 cujus
1665 3326 1805 3396 frag·

792 3417 970 3457 menta
999 3404 1254 3457 habemus
1271 3443 1286 3471 ,
1316 3423 1346 3457 a
1374 3404 1528 3457 Festo
1558 3417 1611 3457 et
1642 3404 1806 3457 Paulo

794 3495 1066 3548 truncata;
1096 3504 1157 3537 ex
1189 3484 1381 3555 quibus
1411 3496 1587 3537 tamen
1617 3484 1806 3538 veritas

793 3564 953 3634 hujus
979 3561 1357 3617 emendationis
1385 3562 1600 3616 defendi
1624 3564 1807 3635 possit.

792 3644 977 3716 Inquit
1001 3641 1143 3695 enim
1161 3642 1383 3695 Paulus:
1406 3642 1574 3695 Ancus
1594 3643 1807 3713 appella-

798 3736 877 3776 tm·
892 3727 975 3796 qui
996 3721 1229 3774 aduncum
1240 3717 1316 3783 (id
1334 3735 1411 3775 est
1430 3718 1674 3786 imm-tum)
1696 3723 1807 3774 bra-

797 3804 953 3856 chium
978 3802 1141 3862 habet,
1171 3813 1225 3852 ue
1246 3804 1487 3871 exporrigi
1509 3821 1604 3853 non
1619 3806 1772 3871 possit
1787 3822 1808 3855 .-

803 3901 928 3936 cum
944 3901 1051 3953 quo
1069 3882 1191 3934 facit
1208 3894 1261 3933 et
1276 3879 1485 3933 Servius
1502 3878 1567 3933 ad
1583 3881 1663 3933 VI
1683 3884 1804 3934 AEn.

803 3962 1028 4014 Valerius
1041 3962 1197 4014 etiam
1214 3979 1312 4032 pro
1327 3961 1498 4026 Vario,
1508 3979 1593 4032 ap.
1615 3961 1802 4025 Quint.

799 4042 838 4095 l.
859 4044 930 4107 V,
950 4060 994 4095 c.
1016 4061 1078 4095 ι2
1097 4041 1231 4105 ‚voL
1258 4046 1339 4106 11,
1366 4060 1419 4111 p.
1439 4040 1504 4093 31
1523 4060 1544 4094 1
1568 4079 1587 4105 ‚
1610 4053 1802 4094 nostrai

801 4119 928 4174 edit.
965 4122 1048 4174 Sic
1078 4134 1130 4175 et
1161 4122 1215 4172 in
1238 4121 1388 4173 Festo
1416 4139 1507 4173 seu
1529 4120 1714 4173 Paullo
1747 4121 1800 4173 in

1887 2526 2111 2579 Valerius
2156 2539 2329 2581 autem.
2374 2529 2528 2580 Unus
2565 2528 2745 2582 nescio
2785 2530 2902 2601 quis

1888 2608 1946 2659 V
1939 2609 2112 2661 alenus
2130 2619 2288 2660 antea.

1971 2707 2022 2741 2.
2055 2687 2234 2748 Gneus,
2269 2687 2329 2739 ob
2363 2691 2592 2758 insignem
2623 2708 2719 2741 mm
2741 2691 2901 2760 appel-

1887 2768 2030 2819 latus.
2073 2768 2138 2820 In
2186 2780 2370 2821 nostro
2411 2766 2531 2821 cod.
2573 2767 2687 2822 haec
2732 2770 2902 2822 multo

1886 2845 2213 2900 emendatius
2233 2848 2522 2914 habentur,
2551 2846 2735 2902 Guoeus
2756 2848 2816 2900 ob
2832 2853 2914 2900 in·-

1886 2930 2023 2996 signe
2063 2931 2190 2981 noevi
2223 2927 2495 2998 ‘appellatus
2542 2939 2627 2980 ese.
2680 2927 2732 2979 N
2733 2946 2900 2981 aevum

1888 3005 2030 3058 enim
2060 3006 2320 3062 maculam
2359 3006 2651 3077 antiquitus
2691 3006 2899 3061 (ἕπωεωι

1890 3085 2068 3138 vocari
2083 3087 2253 3139 solere
2263 3126 2279 3156 ,
2295 3105 2421 3138 mox
2439 3086 2597 3138 etiam
2615 3086 2730 3158 ipse
2745 3085 2900 3150 dicit;

1887 3164 2024 3217 sicut
2036 3166 2163 3219 item
2174 3166 2290 3219 Sex.
2307 3166 2589 3236 Pompeius
2607 3165 2874 3219 affirmans
2887 3205 2906 3231 ,

1896 3242 2077 3298 Gnaeus
2090 3284 2106 3307 ,
2136 3247 2373 3318 corporis
2397 3245 2600 3316 insigne
2622 3259 2677 3300 et
2698 3265 2905 3317 preno-

1891 3342 2013 3376 men
2042 3343 2166 3377 esse.
2205 3325 2364 3379 Pleu.
2392 3323 2544 3378 Leid.
2572 3337 2692 3379 tert.
2728 3326 2810 3379 Ob
2831 3331 2903 3379 in·

1891 3407 2026 3474 signe
2040 3409 2164 3457 novi.

1975 3483 2029 3535 3.
2069 3485 2202 3537 Olim
2241 3487 2364 3536 enirn
2403 3483 2624 3537 dicebant
2651 3487 2906 3556 fragmen-

1899 3574 2025 3628 tum,
2064 3583 2186 3616 nunc
2217 3565 2510 3630 flmmeum
2543 3567 2818 3635 profertur,
2860 3579 2908 3616 et

1891 3654 2124 3711 gnatia-a,
2141 3644 2279 3695 modo
2294 3655 2485 3697 natum.
2498 3644 2717 3697 Auctior
2735 3643 2908 3698 adhuc

1894 3739 2003 3775 uno
2024 3724 2264 3794 exemplo
2284 3722 2497 3782 videtur
2516 3742 2628 3777 esse
2650 3724 2762 3777 MS.
2785 3724 2909 3778 licet

1895 3816 2144 3873 corrupte
2173 3803 2245 3855 ita
2271 3803 2488 3855 habeat:
2521 3803 2658 3855 Olim
2683 3809 2806 3857 enim
2832 3805 2907 3855 di-

1894 3881 2089 3933 cebatur·
2099 3884 2418 3950 frua-memmii
2453 3895 2502 3933 et
2510 3884 2704 3950 seretur
2726 3897 2771 3935 et
2806 3886 2909 3945 for·

1891 3965 1970 4027 tis,
1991 3965 2289 4029 nuncsortis,
2313 3975 2361 4013 et
2378 3974 2554 4014 natura
2574 3983 2698 4015 nume
2717 3976 2907 4015 natura.

1890 4039 2063 4100 Forte,
2077 4043 2189 4094 olim
2198 4047 2319 4094 enim
2343 4042 2908 4113 dicebantsrugmentum,

1891 4141 2013 4174 nunc
2043 4124 2334 4187 stammam
2368 4123 2593 4190 esj'ertur,
2647 4136 2694 4174 ee
2724 4126 2906 4191 soe-glis
