3143 5204
461 474 648 542 CAP.
692 474 860 553 VII,
916 473 1040 540 DE
1095 472 1431 540 STUDIO
1471 473 1595 539 ΊΕΤ
1645 472 2165 540 INDUSTRIA.
2281 475 2378 567 89

254 606 494 699 ingenii
533 629 799 700 quoque
834 602 1055 672 divina
1095 605 1460 673 instructus
1497 602 1898 672 abundantia
1926 658 1946 689 ,
1985 628 2191 698 quum
2227 631 2379 673 om-

253 714 436 779 nium
475 712 613 803 jam
659 707 1035 779 mortalium
1078 710 1595 805 sapientissimus
1621 708 1635 732 ¹
1675 710 2067 785 haberetur,
2112 737 2193 780 eo
2236 715 2377 805 qui·

250 818 400 889 dem
429 843 668 912 usque,
696 832 771 885 ut
787 818 840 885 si
864 819 1002 911 ipse
1028 818 1285 911 Jupiter
1306 814 1467 886 caelo
1490 816 1960 903 descendisset,
1981 840 2105 886 nec
2128 815 2379 913 elegan-

252 926 454 1012 tiore,
491 949 616 994 nec
652 925 943 993 beatiore
983 922 1289 992 facundia
1333 947 1571 993 usurus
1611 922 1946 1019 videretur
1974 950 1989 990 ε
2024 925 2379 1019 AEgyptmn

253 1033 632 1126 peragravit
655 1084 675 1118 ,
719 1031 877 1099 dum
914 1028 934 1053 ²
979 1052 1045 1098 a·
1063 1028 1514 1101 sacerdotibus
1549 1028 1705 1122 -ejus
1751 1032 1963 1123 gentis
2012 1031 2385 1123 geometriae

251 1136 649 1232 multiplices
690 1161 1038 1222 numeros,
1083 1152 1280 1231 atque
1320 1136 1676 1206 caelestium
1719 1136 2251 1207 observationum
2280 1160 2384 1204 vra·

255 1246 501 1314 tionem
529 1245 828 1337 percipit.
851 1245 1137 1338 Quoque
1162 1258 1462 1337 tempore
1486 1267 1525 1312 a
1551 1241 1858 1319 studiosis
1882 1243 2232 1337 juvenibus
2256 1267 2386 1311 cer-

254 1352 438 1419 tatim
465 1351 741 1420 Athenae
764 1348 1106 1420 Platonem
1121 1349 1475 1419 doctorem
1502 1349 1946 1443 quaenentibus
1965 1350 2388 1443 petebantur,

253 1459 391 1551 ipse
414 1455 549 1527 Nili
572 1457 861 1526 fluminis
889 1441 1409 1552 inexplicabiles³
1431 1458 1643 1550 ripas,
1667 1457 2194 1550 vastissimosque
2220 1480 2389 1524 cam·
2500 1458 2503 1461 ’

257 1588 374 1657 pos
396 1616 417 1650 ,
453 1562 737 1633 effusam
775 1562 1192 1649 barbariem,
1229 1576 1297 1631 et
1327 1562 1662 1632 flexuosos
1704 1562 2025 1633 fossarum
2070 1562 2356 1633 anihitus
2372 1616 2392 1647 ,

171 1750 176 1753 ,
257 1671 720 1764 AEgyptiorum
763 1693 995 1739 senum
1046 1666 1403 1763 discipulus
1442 1665 1781 1738 lustrabat.
1820 1668 1978 1758 Quo
2016 1670 2232 1763 minus
2262 1671 2391 1736 mi-

261 1801 405 1860 ror,
435 1801 589 1844 eum
620 1776 688 1843 in
714 1774 971 1844 Italiam
1003 1789 1513 1869 transgressum,
1544 1789 1622 1843 ut
1650 1775 1734 1843 ab
1766 1775 2060 1869 Archyta
2084 1776 2392 1859 Tarenti,

260 1907 297 1949 a
315 1884 598 1969 Timaeo,
620 1896 688 1950 et
713 1884 987 1969 Arione,
1016 1895 1083 1951 et
1108 1882 1476 1951 Echecrate
1499 1883 1730 1952 locris
1747 1935 1766 1968 ,
1800 1882 2192 1977 Pythagor-m
2230 1907 2390 1975 prae-

262 2003 454 2082 cepta
493 2003 561 2057 et
599 1989 895 2059 instituta
931 1989 1310 2082 acciperet3
1359 2002 1544 2057 tanta
1576 1989 1764 2057 enim
1804 1989 1903 2056 vis
1923 2043 1944 2072 ,
1982 2002 2164 2058 tanta
2196 1990 2397 2082 cqpia

265 2093 599 2163 literarum
635 2095 926 2189 undique
949 2092 1331 2190 colligenda
1368 2109 1548 2183 eret,
1586 2108 1663 2163 ut
1692 2096 1986 2163 invicem
2012 2120 2143 2189 per
2172 2108 2398 2163 totum

267 2216 592 2270 terrarum
617 2201 859 2270 ‚orbem
904 2201 1191 2296 dispergi
1246 2215 1314 2272 et
1352 2200 1613 2271 dilatari
1657 2216 1897 2295 posset.
1940 2200 2167 2269 Altero
2203 2202 2397 2268 etiam

266 2323 329 2376 et
371 2308 777 2402 octogesimo
813 2308 1381 2395 anno-decedens,
1421 2307 1544 2376 sub
1574 2309 1799 2402 capite
1842 2294 2250 2401 Sophronis⁴
2278 2308 2397 2374 mi-

266 2475 432 2543 tylum
459 2486 515 2526 et
543 2473 955 2545 Hermogenem,
980 2471 1286 2539 Euclidem,
1375 2485 1659 2545 propterea
1696 2472 1843 2545 quod
1882 2474 2142 2546 AEgyptus
2185 2472 2404 2544 singulis

266 2551 611 2608 Theodorum
624 2554 1053 2608 mathematicum
1067 2566 1120 2608 et
1131 2557 1289 2626 AEgy·
1376 2554 1530 2629 annis
1568 2572 1600 2607 a
1640 2552 1764 2607 Nilo
1807 2567 2133 2626 mergeretur
2150 2588 2165 2616 ‚
2213 2552 2279 2607 ad
2315 2552 2402 2606 di-

268 2636 503 2706 ptiorum
527 2635 891 2707 philosophos.
1373 2633 1703 2706 gnoscendos
1741 2653 1987 2705 agrorum
2025 2635 2159 2688 fines
2195 2634 2270 2688 ibi
2307 2653 2405 2706 po-

351 2738 369 2766 1
381 2754 395 2766 .
415 2715 817 2786 &pientissima-5.
838 2714 926 2767 Sic
939 2714 1083 2768 enim
1097 2715 1288 2786 Apollo

269 2795 556 2866 Delphicus
583 2793 651 2848 de
675 2814 738 2848 eo
764 2793 1040 2866 judicavit.

349 2894 400 2927 α.
425 2875 575 2929 Dum.
594 2875 864 2946 Pleroeque
881 2887 1002 2928 ante
1018 2875 1172 2945 Pigh.
1187 2872 1294 2927 edi·

269 2955 438 3008 tiones
481 2956 580 3009 ubi.
618 2955 856 3027 Guyetus
891 2954 1004 3008 dum
1033 2956 1259 3025 explicat
1276 2995 1292 3019 ,

270 3035 365 3103 ψη
391 3055 483 3107 que
501 3075 516 3096 ,
551 3048 622 3088 ut.
657 3034 949 3088 Torreniue
986 3048 1141 3106 putat
1159 3035 1294 3088 acci-

272 3113 528 3185 piendum
542 3155 559 3181 ,
582 3119 863 3185 peragravit
883 3115 1164 3187 AEgsptum
1182 3116 1294 3167 dum

268 3198 493 3266 percipit,
521 3194 579 3249 id
603 3208 707 3260 est,
731 3195 842 3247 dum
869 3195 953 3246 dat
977 3215 1164 3265 operam
1181 3195 1318 3265 per-⁸

275 3276 500 3344 capiendo.
530 3273 690 3341 Quod
725 3276 938 3346 Kappio
967 3294 1077 3328 non
1110 3276 1294 3347 placet.

279 3354 428 3408 Putat
449 3375 627 3409 veram
645 3355 925 3408 lectionem
946 3374 1055 3408 esse
1074 3355 1187 3407 άωιι
1207 3376 1297 3407 au·

278 3447 362 3485 tm
381 3457 400 3496 ,-
443 3454 636 3507 nempe
684 3447 804 3487 ante
845 3433 957 3487 dean
985 3433 1297 3506 ¹ponendam

276 3533 382 3566 esse
412 3513 808 3568 distinctionem
839 3513 1146 3581 maximamg
1185 3516 1298 3568 dum

280 3613 385 3647 esse
403 3632 421 3659 ,
459 3614 526 3647 eo
562 3596 678 3667 ipso
721 3606 961 3665 tempore
1003 3613 1129 3664 quo.
1169 3596 1298 3648 Post

275 3677 475 3744 percipit
509 3675 664 3746 ponit
700 3693 904 3727 comma
948 3685 1037 3728 aut
1076 3675 1296 3728 semico-

282 3753 368 3805 lon
383 3795 400 3819 ,
422 3756 495 3807 ita
513 3770 572 3809 ut
589 3774 770 3826 quoque
792 3768 994 3826 tempore
1011 3773 1132 3807 cum
1150 3755 1296 3826 prio-

282 3833 423 3886 ribus
453 3837 706 3905 jungatur
742 3848 796 3888 et
836 3836 1128 3906 explicetur
1159 3847 1205 3885 ee
1243 3855 1297 3886 eo

287 3925 483 3983 tempore
507 3936 625 3986 quo,-
656 3913 868 3968 tandem
885 3928 1006 3986 post
1016 3915 1302 3984 petebantur

285 3995 432 4062 pouit
461 3996 636 4047 colon.
676 3995 823 4066 Legit
854 4014 979 4066 ergo
1004 4014 1018 4048 :
1055 3997 1184 4046 Dum
1209 4015 1298 4048 au-

289 4085 388 4125 tem.
406 4115 421 4127 .
439 4115 452 4127 .
472 4117 483 4126 .
515 4077 750 4145 percipit,-
777 4095 957 4148 quoque
985 4088 1202 4146 tenymre.
1220 4115 1232 4126 .
1250 4111 1260 4121 ·
1283 4115 1294 4125 .

281 4154 576 4221 petebantur,
607 4160 718 4225 ipsc.
740 4188 816 4198 —
840 4156 1140 4211 Geomeeriae.
1165 4155 1297 4220 Quae

1380 2714 1869 2784 decimum-floruit.

1464 2795 1517 2848 3.
1562 2795 1946 2866 Ιηαρὶἰεαὸὶὶα.
1996 2793 2162 2860 Quod
2204 2807 2413 2848 veteres

1383 2875 1554 2928 fontes
1584 2876 1728 2941 Nili,
1757 2887 1886 2928 teste
1919 2873 2219 2939 Herodoto,
2254 2893 2409 2946 repe·

1375 2955 1489 3008 >rire
1505 2974 1615 3007 non
1626 2967 1903 3026 poterant.
1922 2954 2210 3009 -Feliciores
2232 2955 2331 3008 hac
2346 2956 2403 3007 in

1382 3053 1441 3088 re
1467 3035 1699 3088 Iacobus
1729 3036 1949 3088 Brucius
1980 3036 2206 3105 Anglns,
2234 3048 2286 3087 et
2312 3036 2411 3106 qni

1383 3114 1599 3167 illumin
1612 3115 1723 3168 istis
1734 3112 2042 3185 indagandis
2051 3127 2173 3168 sunt
2182 3116 2407 3186 sequuti.

1385 3192 1511 3247 vid.
1542 3195 1816 3248 vaillnntii
1844 3194 2251 3267 descriptionem
2276 3195 2415 3247 Afri-

1386 3292 1475 3328 cae.
1495 3306 1575 3315 -—-
1593 3275 1840 3344 Effusam.
1862 3277 1913 3327 1.
1942 3293 1992 3328 e.
2015 3274 2411 3346 spatiosissimas

1387 3356 1605 3425 AEgypti
1630 3367 1793 3408 terras
1820 3375 1850 3408 a
1876 3355 2115 3408 barbaris
2136 3355 2409 3408 habitatas.

1386 3467 1466 3477 -—
1512 3435 1791 3488 Fossatum.
1840 3437 2133 3506 Egyptum
2168 3437 2413 3502 fossarum

1384 3515 1627 3586 plenam,
1673 3513 1783 3567 Nili
1830 3514 2121 3586 superflum
2160 3531 2413 3586 equarum

1384 3593 1758 3649 inundationes
1784 3595 2157 3666 recipientium
2168 3634 2184 3659 ,
2198 3606 2416 3647 -conetnt

1385 3675 1650 3746 principue
1667 3675 1940 3728 elustino.
1956 3675 2025 3728 Et
2036 3674 2281 3744 olimjam
2291 3687 2414 3730 ten-

1385 3767 1553 3807 tatum
1588 3753 1814 3818 dicitur,
1846 3753 1992 3827 quod
2035 3753 2197 3807 hodie
2239 3757 2413 3806 inten-

1387 3847 1534 3901 tant,
1578 3833 1747 3887 undas
1784 3835 1930 3888 rubri
1950 3848 2015 3889 -et
2045 3832 2417 3889 mediterranei

1387 3915 1547 3968 meris
1577 3915 1897 3968 consociare.

1473 4000 1525 4057 4.
1540 3995 1819 4066 Sophronis.
1839 3995 2085 4066 Sophron
2104 3994 2207 4047 fuit
2225 3995 2417 4046 mimo-

1384 4075 1645 4147 graphus,
1674 4076 1753 4129 uti
1779 4087 2036 4129 testantur
2059 4075 2213 4145 Diog.
2235 4074 2416 4129 [ικαὶ.

1386 4168 1438 4208 et
1471 4154 1675 4210 Suidas.
