3143 5204
567 517 571 521 ’
614 498 826 566 CAP.
881 495 1074 582 VII,
1128 495 1279 562 DE·
1317 493 2100 561 SEDITIONIBUS.
2275 490 2416 586 169

973 694 1440 783 CAPUT
1510 696 1737 780 VII.

656 917 753 979 De
785 913 1180 977 seditionibus
1197 898 1401 1000 plebei<
1436 934 1722 976 romanoe
1758 912 2048 977 adversus

293 1125 340 1159 x.
360 1112 415 1158 C.
435 1112 637 1158 Han'um
655 1111 763 1157 Cos.
784 1108 831 1155 6.
853 1135 914 1144 —
937 1123 981 1156 α.
1001 1110 1061 1166 Q.
1083 1108 1325 1154 Metellum
1347 1122 1601 1153 censorem.
1625 1134 1685 1141 —
1709 1106 1751 1154 3.
1775 1110 1830 1154 A.
1852 1109 2076 1154 Nunnium
2099 1107 2410 1155 candidatum.

832 1215 903 1265 “-
928 1195 977 1243 4.
1003 1191 1060 1235 Α.
1085 1188 1413 1250 Sempronium
1436 1188 1715 1233 Asellionem
1736 1198 1865 1250 prot.

576 1334 670 1396 De
695 1332 1092 1397 seditionibus
1116 1330 1385 1394 militum
1409 1353 1814 1393 romanorum
1843 1330 2125 1393 adversus

290 1540 338 1570 a.
364 1524 628 1572 Gratidium
648 1526 865 1587 legatum.
886 1550 948 1558 —
971 1537 1017 1568 a.
1040 1524 1098 1580 Q.
1119 1514 1391 1582 Pompeium
1412 1522 1664 1568 consulem.
1682 1548 1743 1557 —
1763 1522 1809 1568 3.
1835 1522 1888 1567 C.
1910 1522 2171 1568 Carbonem
2193 1521 2413 1584 legatum.

470 1689 474 1691 ’
525 1700 634 1752 DE
702 1695 1333 1751 samnomaus
1395 1696 1705 1748 PLEMS
1765 1695 2173 1749 ROMANAE.

387 1884 522 1954 Sed
573 1899 644 1953 ut
688 1883 993 1952 violentae
1046 1881 1378 1951 seditionis
1423 1896 1557 1950 tam
1603 1896 1840 1976 togatae
1865 1880 1920 1969 ¹,
1972 1906 2169 1975 quam
2216 1884 2413 1951 etiam

284 2006 557 2059 armatae
600 1990 770 2060 facta
815 1990 1182 2059 referantur
1215 2014 1229 2055 ε

408 2122 464 2166 1.
505 2101 580 2166 L.
611 2094 1013 2191 Equitium'‚
1040 2097 1150 2190 qui
1180 2120 1248 2163 se
1271 2096 1419 2163 Tib.
1455 2093 1744 2164 Gracchi
1780 2091 1990 2161 filium
2028 2092 2411 2181 simulabat,

287 2204 827 2297 tribunatumque
855 2203 1169 2271 adversus
1209 2201 1382 2295 leges
1424 2226 1575 2270 cum
1612 2202 1689 2267 L.
1720 2200 2077 2267 Saturnino
2116 2201 2413 2294 petebat,

286 2334 326 2377 a
347 2312 428 2378 C.
452 2311 670 2378 Mario
688 2312 989 2403 quintum
1010 2306 1426 2377 consulatum
1453 2319 1720 2399 gerente
1748 2305 1813 2372 in
1840 2304 2169 2399 publicam
2200 2321 2413 2375 custo·

286 2414 462 2483 diam
484 2415 754 2483 ductum
774 2469 792 2499 ‚
820 2414 1103 2510 populus
1127 2413 1428 2483 claustris
1457 2413 1738 2481 carceris
1757 2409 2089 2481 convulsis
2113 2426 2408 2506 raptum,

285 2520 579 2590 humeris
607 2524 736 2590 suis
768 2546 886 2616 per
913 2518 1238 2590 summam
1262 2522 1635 2589 animorum
1664 2516 2067 2587 alacritatem
2099 2520 2406 2613 portavit.

399 2655 462 2697 2.
493 2628 809 2723 Idemque
841 2630 924 2717 Q.
948 2626 1290 2698 Metellum
1323 2651 1663 2696 censorem
1680 2612 1727 2711 ³,
1763 2625 1941 2720 quod
1971 2626 2055 2694 ab
2087 2652 2200 2708 ec,
2239 2641 2404 2694 tam·

283 2760 484 2830 quam
536 2735 823 2804 Gracchi
866 2734 1037 2822 filio,
1080 2759 1349 2803 censum
1393 2735 1686 2828 recipere
1727 2731 2031 2820 nolebat,
2079 2731 2405 2826 lapidibus

282 2856 703 2935 prosternere
754 2855 1026 2910 conatus
1069 2855 1206 2928 est,
1263 2840 1704 2909 affirmantem
1761 2853 1893 2907 tres
1945 2838 2406 2907 tantummodo

282 2947 453 3016 filios
483 2948 792 3017 Graccho
824 2948 1052 3035 fuisse,
1090 2973 1126 3016 e
1155 2947 1392 3041 quibus
1422 2972 1629 3015 unum
1666 2948 1733 3013 in
1758 2945 2055 3014 Sardinia
2086 2945 2408 3040 stipendia

281 3069 645 3123 merentem
666 3108 685 3141 ‚
720 3053 996 3123 alterum
1032 3054 1349 3122 infantem
1386 3056 1749 3140 Praeneste,
1793 3053 2060 3121 tertium
2096 3066 2245 3146 post
2290 3075 2405 3147 pa·

281 3162 403 3229 tris
432 3175 712 3229 mortem
745 3175 971 3229 natum
1006 3163 1236 3230 Romae
1269 3160 1660 3245 decessisse3
1700 3183 1913 3252 neque
1939 3174 2246 3253 oportere
2275 3157 2409 3228 cla·

280 3268 555 3336 rissimae
592 3266 849 3336 familiae
885 3270 1138 3362 ignotas
1176 3265 1401 3335 sordes
1441 3266 1636 3334 inseri
1668 3290 1682 3331 :
1722 3290 1928 3358 quum
1967 3267 2230 3335 interim
2272 3266 2404 3335 im-

280 3373 562 3468 provida
595 3376 936 3443 concitatae
974 3372 1408 3442 multitudinis
1445 3372 1811 3457 temerita5‚
1844 3396 1966 3466 pro
2001 3371 2407 3467 impudentia

369 3601 417 3633 1.
465 3583 516 3633 T
511 3594 686 3651 ogatoe.
709 3579 773 3633 1d
796 3593 897 3646 est,
929 3580 1157 3632 urbanxh.
1469 3580 1521 3633 3.
1560 3578 1824 3632 Censorem,
1867 3582 1968 3633 An.
1996 3581 2066 3633 U.
2101 3580 2233 3633 651.
2266 3582 2406 3651 App.

367 3682 416 3715 2.
438 3662 703 3733 Equitium.
717 3663 814 3713 An.
832 3662 905 3714 U.
924 3661 1054 3713 653.
1072 3661 1293 3731 Appiau.
1387 3658 1502 3713 Civ.
1544 3661 1603 3725 13
1648 3659 1757 3713 Cic.
1783 3678 1882 3731 pro
1915 3659 2055 3714 Sext.
2090 3667 2159 3730 47
2185 3680 2201 3725 ς
2248 3679 2406 3731 supra

280 3741 398 3794 civ.
423 3741 476 3806 13
496 3740 652 3793 Oros.
672 3740 749 3805 V,
772 3760 859 3811 17.
875 3773 955 3783 -
974 3742 1141 3809 Leges.
1162 3740 1299 3804 Quia
1385 3740 1467 3791 111
1487 3776 1503 3802 ‚
1527 3742 1558 3792 8
1575 3779 1589 3804 ‚
1610 3744 1662 3792 6.
1680 3770 1760 3782 ——
1782 3740 1927 3793 Filio.
1953 3740 2222 3793 Detulerat
2239 3740 2405 3811 Equi·

278 3821 362 3873 lex
392 3832 533 3885 erat,
574 3838 642 3872 ne
681 3821 801 3891 quis
840 3820 1126 3891 inquilinus
1146 3857 1162 3883 ‚
1207 3820 1298 3890 qui
1388 3819 1489 3872 tius
1514 3838 1729 3872 censum
1751 3820 1837 3872 Ti.
1860 3819 2116 3881 Gracchi,
2140 3832 2406 3889 tamquam

278 3920 387 3953 non
420 3912 553 3953 esset
577 3901 634 3952 in
660 3919 818 3952 censu
847 3912 900 3951 et
925 3900 1097 3970 aliqua
1123 3899 1297 3964 tribu,
1385 3901 1497 3970 ejus
1526 3899 1666 3952 filius
1696 3911 1748 3952 et
1783 3899 1949 3952 heres.
1984 3900 2186 3952 Verum
2217 3899 2403 3952 Metel-

277 3993 451 4052 poaoet
479 3980 603 4032 trib.
632 3979 706 4050 pl.
739 3979 921 4032 creari.
969 4013 1024 4021 —
1047 3980 1295 4048 Quintum.
1384 3979 1466 4031 lus
1496 3998 1619 4031 eum
1659 3977 1934 4032 admittere
1970 3979 2175 4040 noluit,
2204 3979 2404 4050 quippe

278 4061 344 4111 In
363 4072 495 4111 sexto
510 4057 993 4112 consulatuMarius
1006 4059 1297 4132 hancApu-
1385 4078 1541 4130 quem
1582 4079 1680 4122 nec
1716 4060 1770 4111 in
1812 4060 1954 4112 tribu
1974 4097 1988 4122 ‚
2018 4077 2114 4111 nec
2153 4057 2206 4110 in
2243 4077 2403 4115 censu

275 4138 499 4192 leianam
524 4138 836 4192 seditionem
862 4158 1042 4210 passus
1063 4151 1155 4194 est.
1385 4139 1542 4193 fuisse
1566 4141 1741 4192 sciret.
