3143 5204
795 501 935 594 178
1153 493 1594 565 VALERII
1652 491 2087 576 MAXIMI,
2142 494 2331 563 Lm.
2389 496 2524 561 1x.

784 643 987 723 caput
1021 628 1178 721 Cyri
1217 625 1578 693 abscissum
1616 622 1686 691 in
1727 635 1943 691 utrem
1985 622 2280 693 humano
2324 624 2641 717 sanguine
2682 624 2900 720 reple-

786 751 929 805 tum
984 734 1235 803 demitti
1284 732 1515 825 jussit,
1566 727 1977 822 exprobrans
2028 728 2120 799 illi
2170 730 2598 801 insatiabilem
2649 735 2904 805 cruoris

785 844 993 928 sitim,
1034 838 1359 932 simulque
1403 859 1634 931 poenas
1683 836 1883 904 occisi
1930 835 2017 905 ab
2063 860 2146 904 eo
2190 834 2304 907 filii
2342 838 2444 907 sui
2484 839 2790 932 exigens:
2830 855 2904 910 et

781 945 1173 1033 Beronice¹,
1214 970 1358 1039 quae
1399 942 1718 1012 Laodices
1763 941 2009 1010 insidiis
2047 942 2488 1037 interceptum
2526 944 2650 1012 sibi
2690 944 2898 1014 filium

778 1057 1071 1149 graviter
1085 1053 1298 1121 ferens
1314 1102 1331 1133 ,
1350 1062 1606 1118 armata
1631 1072 1902 1118 currum
1927 1050 2346 1135 conscendit,
2372 1065 2899 1146 persequutaque

778 1160 1121 1230 satellitem
1159 1159 1411 1252 regium
1447 1153 1732 1224 crudelis
1770 1156 1988 1248 operis
2018 1157 2424 1243 ministrum,
2455 1158 2725 1225 nomine
2761 1162 2900 1229 Cae-

777 1293 1006 1353 neum,
1038 1289 1231 1359 quem
1269 1263 1456 1332 hasta
1487 1260 1930 1354 nequidquam
1962 1263 2275 1355 petierat,
2311 1286 2468 1331 saxo
2500 1264 2704 1332 ictum
2741 1289 2895 1359 pro·

774 1375 1046 1457 stravit3
1094 1394 1175 1439 ac
1228 1362 1428 1464 super
1483 1367 1624 1460 ejus
1667 1391 1907 1462 corpus
1959 1369 2119 1437 actis
2165 1369 2388 1462 equis,
2443 1371 2615 1439 inter
2657 1370 2896 1452 infesta

772 1480 1117 1549 contmriae
1169 1478 1372 1571 partis
1422 1474 1687 1569 agmina
1741 1473 1826 1543 ad
1879 1473 2186 1559 domum,
2251 1475 2318 1543 in
2375 1498 2505 1569 qua
2564 1477 2894 1581 interfecti

769 1586 956 1680 pueri
993 1608 1235 1678 corpus
1271 1580 1590 1651 occultari
1635 1580 2114 1667 arbitrabatur,
2149 1583 2456 1675 perrexit.
2709 1624 2712 1627 >

880 1744 944 1786 2.
985 1719 1288 1786 Jasonem
1326 1711 1712 1782 Thessalum
1729 1710 1773 1798 ²,
1800 1715 2147 1780 Persarum
2184 1714 2324 1806 regi
2361 1711 2606 1781 bellum
2647 1715 2889 1786 inFerre

766 1838 1141 1919 parantem,
1170 1846 1255 1889 an
1281 1822 1434 1889 satis
1465 1820 1644 1913 justa
1680 1817 1841 1886 ultio
1879 1820 2334 1913 assumpserit,
2364 1820 2686 1915 ambiguae
2722 1825 2887 1890 aesti—

763 1932 1065 1999 mationis
1117 1943 1245 2011 est3
1290 1925 1543 1995 Taxillo
1590 1926 1764 1992 enim
1817 1925 2369 2018 gymnasiarchae,
2415 1950 2453 1993 a
2497 1927 2884 2020 quibusdam

752 2036 1108 2130 juvenibus
1148 2033 1477 2129 pulsatum
1517 2056 1585 2101 se
1629 2044 2022 2124 conquesto,
2059 2032 2386 2126 permisit,
2430 2046 2505 2100 ut
2542 2048 2656 2100 aut
2694 2036 2886 2103 trice-

758 2169 874 2211 nas
918 2142 1002 2211 ab
1044 2143 1146 2211 his
1186 2139 1535 2213 drachmas
1580 2137 1908 2232 exigeret,
1948 2151 2064 2237 aut
2102 2138 2303 2206 denas
2339 2136 2568 2233 plagas
2612 2140 2884 2235 singulis

754 2251 1156 2344 imponeret:
1179 2271 1311 2340 quo
1340 2246 1704 2340 posteriore
1737 2242 2026 2312 vindicta
2054 2269 2207 2331 u50,
2238 2244 2350 2338 qui
2378 2243 2884 2340 vapulaveram,

752 2360 1062 2426 Jasonem
1103 2352 1605 2437 interfecerunt,
1648 2351 1881 2432 animi,
1924 2376 2058 2419 non
2101 2352 2396 2445 corporis
2432 2349 2692 2441 dolore,
2733 2379 2879 2447 poe-

751 2489 851 2532 nae
878 2461 1152 2529 modum
1176 2460 1592 2528 aestimantes,
1630 2457 1960 2525 Caeterum
1999 2480 2208 2550 parvo
2241 2458 2654 2526 irritamento
2695 2461 2880 2553 inge·

746 2571 862 2638 nui
911 2566 1218 2664 pudoris,
1266 2564 1567 2635 maximae
1619 2563 1713 2630 rei
1762 2564 2165 2658 exspectatio
2207 2564 2482 2633 subruta
2531 2579 2667 2668 est,
2712 2588 2877 2664 quo-

836 2823 884 2856 ι.
904 2803 1152 2855 Bet-onim.
1181 2796 1436 2849 Bet-onice
1461 2813 1551 2847 seu
1579 2793 1766 2847 Laodi-
1853 2808 1964 2848 erat
1987 2836 2002 2861 ,
2032 2809 2310 2867 pater-mnu
2358 2816 2582 2870 regnum
2614 2797 2878 2867 reddidit,

750 2907 808 2942 ce
824 2920 841 2947 ,
866 2878 1191 2934 Mithridatis
1215 2876 1436 2947 prioris,
1467 2875 1558 2945 qni
1581 2875 1770 2926 Roma·
1849 2894 2010 2946 quem
2038 2876 2232 2930 deinde
2262 2877 2406 2931 haud
2430 2878 2598 2930 multo
2620 2891 2770 2950 post,
2797 2881 2875 2933 fa·

747 2967 829 3020 nis
858 2960 1103 3015 adversus
1128 2956 1480 3008 Aristonicum
1498 2972 1659 3025 opem
1685 2965 1768 3006 tu·
1847 2955 2195 3027 ctipoenitens
2207 2957 2421 3010 occidit.
2441 2958 2622 3023 Quum
2634 2960 2878 3013 vero-mi·

745 3048 809 3099 lit
828 3084 844 3110 ,
876 3041 984 3094 filia
1001 3079 1015 3104 ‚
1052 3035 1385 3109 posterioris,
1416 3034 1581 3086 hostis
1610 3035 1764 3086 Rom.
1849 3053 1953 3086 nor
1977 3036 2201 3088 fratrum
2217 3038 2344 3107 ,qui
2360 3050 2416 3090 et
2438 3038 2549 3109 ipse
2573 3040 2875 3093 Maratha

745 3121 1012 3182 acerrimi,
1030 3136 1179 3171 soror
1197 3115 1323 3179 fuit,
1343 3113 1608 3167 Ariani-athi
1628 3113 1767 3184 Cap-

742 3202 979 3277 padociae
999 3197 1135 3268 regis
1159 3214 1308 3247 uxor.
1325 3194 1601 3246 Ariarathe
1624 3211 1766 3245 mor-

741 3300 857 3347 tue,
871 3281 965 3334 filii
980 3277 1088 3331 duo
1101 3287 1250 3329 erant
1262 3273 1763 3345 superstites.Quum

742 3365 905 3436 igitur
953 3354 1294 3418 Nicomedes,
1340 3353 1605 3425 Bithynia
1643 3371 1763 3416 rex,

743 3439 1132 3515 Cappadociam
1172 3435 1318 3506 quasi
1356 3452 1576 3485 vacuam
1604 3451 1762 3486 oocu-

744 3534 940 3596 passet,
983 3514 1314 3571 Mithridates
1349 3514 1496 3583 regni
1540 3510 1725 3565 avidus
1745 3552 1759 3576 ,

738 3607 861 3657 ficta
892 3600 1120 3672 pietate,
1155 3607 1215 3646 ut
1243 3605 1459 3664 nepotes
1491 3592 1546 3643 in
1585 3604 1759 3661 pater-

738 3702 869 3736 num
894 3695 1115 3749 regnum
1140 3674 1464 3729 restitueret,
1493 3689 1637 3723 arma
1664 3671 1757 3722 ad-

728 3780 918 3816 versus
930 3751 1273 3809 Nicomedem
1287 3752 1525 3823 sumpsit.
1541 3748 1644 3801 sed
1662 3751 1756 3804 ubi

682 3867 691 3877 ²
736 3839 1015 3911 comperit,
1026 3832 1321 3893 Laodicena,
1338 3849 1431 3883 seu
1443 3831 1753 3883 Beronicem

736 3937 966 3973 sororem
988 3910 1264 3968 Nicomedi
1291 3912 1526 3982 nupsisse
1546 3950 1560 3975 ,
1590 3910 1750 3963 simu·

735 4003 832 4052 lata
878 3999 1043 4069 pietas
1093 3995 1149 4045 in
1189 4011 1363 4045 veram
1401 3990 1746 4043 convertitur.

733 4081 912 4140 Quare
942 4076 1093 4147 pulso
1123 4093 1188 4124 ex
1224 4069 1557 4140 Cappadocia
1589 4070 1746 4121 Nico-

731 4157 911 4218 mede,
957 4153 1212 4206 Arioi-athi
1236 4191 1250 4218 ,
1282 4151 1371 4218 qui
1413 4152 1582 4216 mnjor
1620 4161 1742 4200 natu

1847 3112 2024 3167 dictus
2049 3128 2152 3179 est,
2183 3118 2251 3169 ab
2275 3118 2457 3171 amicis
2475 3136 2543 3170 ex
2575 3120 2696 3172 Asia
2717 3137 2872 3173 revo-

1851 3205 1996 3246 catus
2022 3207 2186 3260 esset,
2217 3197 2331 3268 ipse
2356 3215 2568 3268 quoque
2601 3197 2869 3268 ejusdem,

1847 3285 1909 3325 ut
1950 3275 2108 3345 vulgo
2143 3276 2405 3330 creditum
2436 3290 2543 3339 est,
2582 3277 2868 3331 Mithrida-

1847 3353 1914 3405 tis
1943 3372 2102 3426 opera
2145 3375 2245 3428 per
2293 3354 2506 3409 insidias
2547 3354 2863 3412 trucidatur.

1843 3433 1972 3497 Quo
2008 3449 2140 3488 caeso
2166 3434 2222 3488 id
2253 3435 2478 3494 factum,
2513 3434 2661 3507 quod
2686 3452 2869 3492 nm

1844 3512 2105 3576 valerius.
2733 3554 2738 3560 -
2779 3535 2806 3560 2³

1928 3612 1974 3645 α.
2008 3594 2299 3648 Thessalum.
2326 3594 2452 3657 vid.
2475 3596 2590 3648 Cio.
2615 3596 2772 3651 offic.
2805 3600 2860 3659 1,

1845 3678 1872 3723 3
1892 3691 1907 3735 ;
1927 3691 2084 3744 supra
2099 3675 2142 3736 1,
2159 3677 2329 3739 8,ext.
2350 3678 2402 3729 6.
2423 3674 2525 3728 Hic
2540 3677 2701 3730 Iason
2715 3678 2862 3749 apud

1839 3770 2022 3805 omnes
2034 3754 2245 3806 maximi
2255 3755 2486 3808 nominis
2497 3767 2551 3807 et
2562 3755 2862 3811 estimatio-

1835 3831 1919 3884 nis
1950 3832 2083 3894 fuit,
2119 3831 2252 3885 odeo
2282 3847 2344 3886 ut
2378 3853 2536 3887 nemo
2564 3834 2856 3903 dubitaret,

1834 3912 1963 3982 quin
1989 3913 2264 3964 Persarum
2293 3931 2468 3984 regem
2496 3915 2680 3968 fuisset
2702 3919 2857 3970 mba-

1835 4002 2046 4054 cturus,
2079 3992 2180 4044 nisi
2217 4006 2340 4045 ante
2370 4011 2528 4064 quam
2564 3996 2735 4048 Persis
2769 3997 2856 4049 in-

1832 4072 2071 4122 stitutum
2088 4071 2282 4124 bellum
2303 4072 2544 4139 inferret,
2569 4074 2750 4129 fuisset
2772 4079 2854 4129 in·

1831 4164 2106 4219 wrceptns.
