3143 5204
701 392 868 450 ,102
1063 367 1499 434 VALERII
1559 366 1969 432 MAlel
2026 366 2218 437 LIB.
2280 367 2497 434 vlll.

720 527 788 569 sc
825 502 1159 587 instruxit,
1197 498 1406 567 tribus
1440 498 1650 566 modis
1680 498 1980 568 homines
2011 497 2432 593 aggreditur,
2461 498 2717 568 animos
2748 525 2852 567 eo·

721 633 866 675 rum
900 609 1037 702 ipsa
1065 605 1468 691 invadendo,
1495 604 1738 672 horum
1767 603 1954 674 alteri
1981 629 2172 674 aures
2190 658 2209 690 ,
2239 604 2428 674 alteri
2455 605 2682 675 oculos
2712 632 2856 701 per·

718 712 1102 783 mulcendos
1142 710 1478 783 tradendo

840 846 896 888 1.
940 820 1066 890 Sed
1106 835 1179 890 ut
1216 822 1537 916 propositi
1580 819 1743 887 fides
1789 820 1855 886 in
1911 821 2207 913 personis
2261 817 2618 889 illustribus
2670 820 2852 889 exhi-

723 927 986 1019 beatur,
1027 929 1104 996 C.
1151 926 1530 999 Gracchus¹
1589 924 2007 1021 eloquentiae,
2057 950 2256 1020 quam
2304 928 2660 1022 propositi,
2714 926 2855 996 feli-

721 1035 916 1104 cioris
964 1034 1377 1122 adolescens,
1419 1034 1732 1128 quoniam
1768 1032 2271 1128 flagrantissimo
2306 1035 2604 1128 ingenio,
2645 1058 2855 1128 quum

722 1143 970 1234 optime
1015 1140 1488 1236 rempublicam
1524 1142 1693 1208 tueri
1730 1155 1989 1236 posset,
2034 1140 2425 1235 perturbare
2465 1142 2664 1233 impie
2704 1163 2855 1208 ma-

723 1246 881 1334 luit;
911 1250 1166 1342 quoties
1202 1247 1381 1342 apud
1415 1244 1739 1342 populum
1777 1249 2209 1317 concionatus
2244 1263 2376 1336 est,
2406 1272 2673 1318 servum
2703 1261 2859 1342 post

722 1378 790 1421 se
819 1357 1085 1424 musicae
1113 1355 1271 1424 artis
1296 1356 1583 1449 peritum
1606 1353 1871 1447 habuit,
1899 1356 2011 1449 qui
2035 1354 2296 1424 occulte
2318 1356 2613 1433 eburnea
2633 1353 2858 1425 fistula

721 1460 1274 1554 pronuntiationis
1313 1461 1453 1556 ejus
1490 1459 1724 1531 modos
1763 1460 2128 1548 formabat3
2168 1478 2284 1532 aut
2320 1464 2518 1532 nimis
2549 1463 2859 1532 remissos

719 1567 1099 1652 excitando,
1124 1582 1238 1636 aut
1258 1567 1407 1663 plus
1419 1570 1600 1662 justo
1620 1570 1985 1638 concitatos
2003 1570 2417 1639 revocando:
2442 1570 2595 1663 quia
2613 1567 2858 1665 ipsum²

722 1672 904 1741 calor
946 1690 1143 1770 atque
1188 1676 1471 1769 impetus
1516 1677 1795 1745 actionis
1838 1689 2165 1745 attentum
2202 1676 2478 1771 hujusce
2517 1691 2859 1771 tempera-

722 1783 927 1851 menti
963 1782 1424 1851 aestimatorem
1466 1807 1607 1851 esse
1647 1807 1783 1851 non
1821 1783 2215 1877 patiebatur.
2392 1793 2401 1799 ’

834 1914 897 1956 2.
938 1890 1025 1978 Q.
1066 1904 1286 1959 autem
1319 1875 1754 1959 Hortensius³
1791 1888 2151 1984 plurimum
2178 1892 2247 1959 in
2278 1892 2578 1985 corporis
2612 1889 2865 1959 decoro

723 2009 911 2063 motu
955 1999 1314 2090 repositum
1360 1996 1665 2084 credenS,
1702 2021 1888 2091 paene
1925 1995 2074 2092 plus
2111 1997 2310 2066 studii
2346 2000 2413 2065 in
2454 1995 2687 2066 eodem
2724 1995 2859 2065 ela-

725 2100 1024 2171 borando
1047 2157 1065 2188 ,
1117 2128 1316 2199 quam
1356 2104 1423 2171 in
1476 2106 1616 2198 ipsa
1663 2102 2039 2197 eloquentia
2082 2103 2456 2173 affectanda
2502 2103 2861 2198 impendit;

727 2208 947 2303 itaque
991 2213 1310 2297 nescires,
1347 2225 1573 2280 utrum
1625 2211 1928 2305 cupidius
1970 2209 2055 2279 ad
2098 2211 2498 2280 audiendum
2542 2236 2694 2279 eum
2713 2264 2733 2295 ,
2776 2235 2861 2279 an

725 2314 809 2383 ad
867 2317 1300 2410 spectandum
1357 2332 1905 2387 concurreretur:
1962 2320 2054 2387 sic
2110 2319 2331 2388 verbis
2386 2318 2689 2388 oratoriis
2735 2317 2861 2386 ad-

730 2436 1024 2515 spectuS,
1063 2440 1129 2494 et
1158 2450 1384 2494 rursus
1415 2425 1756 2519 adspectui
1787 2424 1993 2492 verba
2023 2425 2412 2494 serviebant.
2446 2428 2681 2518 Itaque
2711 2449 2863 2494 con-

732 2542 859 2598 stat
880 2583 899 2616 ,
942 2520 1294 2627 AEsopum⁴
1341 2534 1826 2626 Rosciumque,
1881 2529 2146 2601 ludicrae
2204 2533 2362 2602 artis
2431 2533 2862 2629 peritissimos

729 2639 940 2724 viros,
982 2637 1092 2707 illo
1136 2663 1365 2708 causas
1405 2652 1674 2733 agente,
1710 2640 1778 2705 in
1816 2664 2064 2708 corona
2097 2638 2476 2734 frequenter
2509 2641 2865 2726 adstitisse,

731 2760 806 2814 ut
849 2750 993 2819 foro
1030 2733 1306 2845 petitos⁵
1341 2762 1562 2844 gestus
1600 2748 1667 2814 in
1701 2771 1965 2815 scenam
2004 2745 2346 2816 referrent.

736 2955 873 3007 Nam
890 2949 957 3002 de
974 2944 1273 3018 eloquentia
1290 2946 1402 3015 ipsa
1418 2942 1520 2994 hoc
1533 2940 1753 3006 dicitur,
1847 2945 2059 2998 Saturn.
2093 2945 2176 2995 ΠΙ
2190 2985 2206 3010 ,
2255 2964 2276 2996 1
2292 2946 2322 2998 3
2337 2964 2353 3010 ;
2399 2945 2583 3010 Quint.
2622 2946 2717 2998 lib.
2751 2944 2830 2998 XI
2847 2984 2865 3010 ‚

735 3054 850 3088 non
880 3030 947 3084 de
979 3040 1205 3081 oratore.
1229 3054 1309 3067 ——-
1344 3021 1536 3074 Tribus.
1562 3021 1755 3073 Elocu·
1845 3046 1958 3099 cap,
1998 3027 2058 3088 3,
2093 3020 2143 3088 S,
2175 3026 2224 3077 8.

736 3118 907 3178 tione,
930 3129 1059 3164 sono
1079 3105 1223 3161 vocis
1247 3116 1300 3157 et
1323 3115 1472 3155 motu
1485 3101 1754 3171 corporis;
1925 3114 1979 3171 4.
2020 3108 2277 3177 AEsopum.
2319 3110 2545 3177 AEsopus
2586 3105 2868 3177 tragoedia..

737 3195 917 3268 priora
967 3191 1230 3243 delectant
1270 3203 1420 3236 aures
1435 3223 1449 3244 ,
1494 3183 1755 3252 posterius
1842 3207 1961 3240 rum
1972 3226 1986 3244 ‚
2004 3188 2222 3241 Roscius
2238 3206 2366 3240 vero
2386 3185 2764 3241 oomoediarum
2782 3206 2868 3241 ac..

735 3276 933 3331 oeulos.
1846 3281 1932 3322 tor
1956 3268 2414 3340 prestantissimus
2434 3267 2552 3319 fuit.
2579 3266 2708 3320 Vid.
2735 3268 2865 3321 infr.

825 3375 874 3408 1.
929 3352 1194 3407 Gracchus.
1234 3350 1297 3412 A.
1334 3346 1403 3398 U.
1441 3345 1574 3399 630-
1619 3343 1756 3397 Gell-
1845 3349 1955 3412 IX,
1979 3367 2033 3411 1,
2058 3367 2108 3400 a.
2135 3348 2569 3419 Roscius‚quum
2600 3366 2756 3401 senex
2788 3367 2867 3401 es·

737 3435 795 3499 1,
835 3453 930 3499 113
960 3431 1145 3498 Quint.
1177 3429 1235 3492 1,
1276 3447 1360 3490 10,
1397 3445 1500 3495 273
1545 3425 1657 3478 Cic·
1691 3422 1758 3476 de
1847 3440 1925 3482 set
1951 3441 2225 3495 mortuus,
2250 3441 2425 3482 tamen
2454 3442 2676 3500 propter
2698 3429 2868 3481 excel-

740 3516 836 3569 Or.
868 3515 980 3575 111,
1018 3515 1109 3565 60.
1845 3509 2041 3564 lentem
2073 3522 2239 3562 artem
2270 3525 2329 3562 ac
2358 3521 2686 3562 venustatem
2726 3509 2869 3562 visus

824 3617 875 3648 α.
913 3595 1087 3663 [psum.
1120 3586 1316 3641 Reddit
1343 3586 1633 3650 rationem,
1664 3603 1761 3636 cur
1848 3590 2186 3655 est,omnino
2202 3589 2336 3642 mori
2351 3608 2461 3642 non
2474 3586 2867 3642 debuisseNid.

738 3675 1003 3729 monitore
1021 3670 1237 3724 tibicine
1254 3678 1518 3720 uteretur:
1537 3665 1660 3736 quia
1678 3664 1760 3715 in·
1850 3670 1963 3724 Cic.
1982 3689 2083 3741 pro
2110 3670 2273 3723 Arch.
2574 3661 2577 3666 ⁸

741 3754 951 3809 terdnm
969 3752 1051 3805 vel
1069 3745 1388 3811 accusando,
1403 3747 1484 3797 vel
1503 3743 1763 3797 detestan-
1934 3751 1984 3803 5,
2029 3751 2161 3803 For-0
2193 3753 2367 3820 petitos
2406 3762 2583 3819 gesem.
2624 3746 2868 3801 Leidens,

741 3836 812 3888 do
831 3869 847 3895 ‚
869 3837 947 3888 ira
975 3832 1057 3885 vel
1085 3830 1187 3883 alio
1208 3828 1371 3881 animi
1395 3827 1596 3897 impetu
1616 3843 1761 3877 com·
1845 3831 2006 3901 prim,
2026 3832 2143 3899 [σω
2159 3835 2339 3899 positos
2361 3843 2539 3898 gestus,
2560 3826 2665 3880 Sed
2695 3841 2871 3882 tamen

743 3928 944 3979 motus,
959 3930 1163 3966 servare
1188 3907 1406 3961 modum
1419 3925 1526 3959 non
1549 3905 1763 3958 remini·
1849 3911 2140 3963 Tou-euius
2151 3913 2325 3978 petitos
2344 3910 2489 3962 malit
2505 3949 2520 3975 ,
2544 3911 2665 3979 quia
2686 3908 2870 3962 melius

742 3997 1000 4049 scebatur.
1850 4003 2152 4063 opponatur
2181 3998 2252 4059 τῷ
2280 3990 2502 4054 referre,
2522 3987 2668 4059 quod
2686 3987 2875 4060 procul

830 4077 878 4130 3.
899 4076 1200 4127 Hortensius.
1218 4071 1353 4123 Gell.
1376 4070 1428 4134 I,
1451 4067 1507 4130 53
1525 4067 1759 4126 Macrob.
1849 4070 2015 4125 dubio
2041 4071 2350 4141 spectaverit
2381 4082 2581 4123 auctor.
