3143 5204
723 377 808 445 18
1061 376 1503 443 VALERII
1574 375 1981 441 MAXIMI
2053 375 2241 441 LIB.
2297 374 2477 442 VII.

710 511 832 576 nisi
856 506 1109 577 fallacia
1130 509 1300 575 vires
1329 510 1785 601 assumpserit,
1814 506 2009 575 fidem
2039 509 2354 601 propositi
2384 532 2518 575 non
2541 507 2835 598 invenit;

707 615 1097 708 laudemque
1130 612 1393 682 occulto
1427 614 1633 707 magis
1677 615 1969 699 tramite,
2013 637 2210 707 quam
2249 628 2473 707 aperta
2503 616 2608 683 via
2642 619 2828 710 petit.

824 747 883 790 1.
926 723 1060 789 Ser.
1100 718 1316 787 Tullio
1358 733 1674 814 regnante
1698 718 1741 806 ¹,
1785 719 2044 787 cuidam
2092 719 2525 815 patrifamiliae
2564 723 2633 787 in
2669 746 2835 816 agro

706 828 934 897 sabino
985 827 1331 921 praecipuae
1386 825 1851 920 magnitudinis
1916 841 1984 894 et
2035 828 2287 894 eximiae
2349 827 2576 897 formae
2627 851 2832 896 vacca

705 949 858 1002 nata
891 948 988 1001 est
1019 960 1038 1000 .·
1076 949 1292 1027 quam
1337 930 1757 1000 oraculorum
1801 933 2140 1001 certissimi
2178 946 2480 1002 auctores
2514 940 2584 1002 in
2618 934 2751 1002 hoc
2785 960 2836 1003 α

702 1041 833 1109 dits
874 1039 1365 1109 immortalibus
1392 1038 1646 1107 editam
1680 1038 2193 1134 responderunt,
2228 1056 2302 1107 ut
2336 1046 2641 1133 quisquis
2676 1065 2834 1109 eam

703 1150 778 1216 A
779 1144 1205 1215 ventmoensz
1240 1148 1494 1215 Dianae
1528 1147 1980 1231 immolasset,
2022 1147 2168 1237 ejus
2181 1153 2428 1240 patria
2457 1152 2663 1215 totius
2698 1163 2833 1216 ter·

701 1276 930 1320 rarum
959 1252 1143 1321 orbis
1178 1257 1524 1347 imperium
1553 1251 1904 1320 obtineret.
1948 1254 2169 1321 Laetus
2204 1277 2284 1320 eo
2327 1252 2667 1338 dominus,
2711 1254 2832 1323 bo·

703 1384 853 1427 vem
896 1384 1047 1427 cum
1091 1383 1345 1428 summa
1387 1359 1803 1427 festinatione
1837 1343 2159 1427 Romam³
2203 1373 2444 1443 actam,
2490 1361 2555 1426 in
2600 1362 2833 1428 Aven-

701 1468 843 1533 tino
880 1479 1031 1534 ante
1076 1488 1254 1534 aram
1294 1467 1527 1534 Dianae
1567 1466 1944 1552 constituit,
1988 1464 2309 1533 sacrificio
2348 1466 2603 1534 Sabinis
2649 1469 2832 1560 regi-

704 1597 855 1640 men
904 1571 1177 1640 humani
1226 1573 1483 1666 generis
1536 1571 1829 1640 daturus.
1872 1574 1973 1639 De
2015 1595 2142 1665 qua
2187 1596 2257 1639 re
2296 1574 2564 1640 antistes
2600 1572 2837 1667 templi

702 1679 943 1747 certior
980 1677 1228 1764 factus,
1268 1665 1691 1772 religionem‘6
1725 1678 1965 1796 hospiti
2012 1676 2262 1762 intulit,
2305 1702 2389 1746 ne
2426 1681 2608 1772 prius
2640 1681 2834 1748 victi-

701 1810 877 1852 mam
930 1784 1249 1869 caederet,
1297 1809 1494 1877 quam
1552 1786 1833 1878 proximi
1878 1785 2086 1852 amnis
2138 1808 2306 1877 aqua
2354 1809 2422 1853 se
2474 1783 2834 1874 abluisset;

703 1916 913 1985 eoque
964 1890 1222 1959 alveum
1276 1890 1530 1957 Tiberis
1575 1903 1881 1984 petente,
1927 1913 2196 1958 vaccam
2243 1892 2382 1984 ipse
2425 1875 2834 1981 immolavit,

703 2012 769 2066 et
810 1997 1039 2065 urbem
1100 2011 1391 2064 nostram
1442 2010 1544 2064 tot
1591 1998 1964 2084 civitatum,
2001 2011 2101 2064 tot
2143 1999 2437 2090 gentium
2491 1998 2826 2067 dominam

700 2106 821 2199 pio
858 2102 1158 2172 sacrificii
1197 2101 1375 2170 furto
1411 2088 1749 2171 reddiditf'.

815 2237 878 2278 2.
931 2213 1086 2298 Quo
1134 2210 1200 2276 in
1246 2232 1485 2303 genere
1522 2211 1840 2278 acuminis
1880 2212 1944 2277 in
1991 2212 2218 2304 primis
2264 2197 2541 2279 Junius⁶
2585 2215 2833 2282 Brutus

702 2401 832 2453 ciem
845 2411 989 2471 gerat
1002 2438 1017 2462 ,
1032 2415 1222 2468 nempe
1233 2394 1300 2448 ad
1307 2394 1569 2447 vafritiam
1578 2433 1594 2457 ‚
1606 2414 1723 2465 per-

699 2478 1186 2543 tinet.——Vasritioe.
1208 2478 1286 2527 lta
1302 2472 1723 2544 legendumVor·

702 2561 832 2612 stius
857 2557 1227 2609 arbitrabatur.
1250 2556 1316 2607 In
1347 2553 1494 2606 MSS.
1530 2554 1723 2624 legitur

1894 2415 1943 2448 a.
1973 2396 2321 2449 Auentiniensi,
2365 2397 2529 2466 Cujus
2570 2398 2833 2470 templum

1809 2475 1910 2527 fuit
1934 2476 1990 2526 in
2024 2477 2287 2528 Aventino
2313 2490 2510 2529 monte.

1892 2555 1944 2607 3.
1975 2556 2189 2607 Romam.
2221 2556 2417 2609 Forsan
2455 2576 2524 2610 ne
2553 2559 2833 2611 oraculum

706 2641 878 2706 Vnst-i,
901 2638 1115 2703 Vafriae,
1139 2635 1363 2701 Vafrinoe
1375 2675 1388 2698 ,
1408 2635 1595 2701 Vaser‚·
1610 2634 1726 2704 plu·

703 2718 826 2770 rimi
865 2730 1042 2769 tamen
1086 2716 1142 2766 V
1136 2716 1268 2782 asre,
1316 2711 1463 2786 quod
1503 2713 1546 2765 si
1585 2714 1724 2765 linea

703 2811 994 2850 transversa
1013 2807 1226 2848 notetur
1248 2786 1440 2858 Vasti-Z,
1464 2794 1621 2864 plane
1648 2807 1725 2845 est

707 2881 764 2930 V
759 2880 958 2945 asritioe.
995 2876 1131 2928 Nam
1164 2874 1285 2927 satis
1319 2885 1506 2925 notum
1551 2885 1627 2924 est
1669 2874 1722 2925 in

704 2958 852 3011 MSS.
878 2975 985 3010 non
1013 2953 1387 3025 antiquissimis
1408 2954 1618 3005 unicam
1635 2953 1724 3004 lit-

706 3051 868 3091 teram
896 3059 922 3087 e
952 3035 1082 3108 poni
1113 3054 1212 3105 pro
1243 3055 1312 3094 ω,
1338 3046 1390 3085 et
1413 3033 1664 3104 syllabam
1689 3038 1729 3084 n·

704 3136 812 3171 non
852 3117 1013 3169 semel
1052 3114 1244 3167 omitti.
1287 3112 1372 3164 Sic
1408 3113 1600 3184 passim
1633 3132 1723 3165 oc-

704 3199 871 3251 currit
892 3200 997 3263 57?ae
1026 3213 1126 3266 pro
1153 3196 1344 3263 graeioe.

794 3296 815 3330 1
828 3317 840 3330 .
858 3278 1125 3345 Regnante.
1144 3273 1369 3326 Circiter
1386 3274 1484 3323 An.
1500 3272 1569 3324 U.
1597 3291 1720 3323 που.

704 3359 819 3411 Liv.
845 3358 899 3419 13
920 3356 1058 3408 Plut.
1077 3354 1252 3425 probl.
1266 3384 1346 3395 —
1365 3352 1720 3418 Patrisamiliae.

704 3439 793 3492 Sic
817 3437 1015 3489 habent
1052 3452 1233 3486 omnes
1263 3443 1383 3484 ante
1417 3430 1570 3501 Pigh.
1599 3429 1720 3484 edd.

703 3520 864 3571 Liber
893 3514 1126 3566 Danielis
1149 3525 1201 3565 et
1235 3511 1435 3582 aliquot
1459 3511 1611 3562 MSS.
1624 3531 1722 3581 pa-

705 3603 855 3650 tricia·
867 3596 1095 3663 samiliae.
1111 3593 1277 3645 Nihili
1298 3603 1471 3644 tamen
1491 3602 1567 3642 est
1588 3589 1722 3642 illud

697 3681 944 3748 patriciae,
976 3671 1121 3745 quod
1160 3673 1295 3724 solis*
1328 3670 1582 3723 tribuitur
1614 3672 1720 3722 Ro-

701 3759 894 3820 manis,
912 3772 1075 3827 quum
1091 3753 1178 3805 hic
1195 3790 1208 3817 ,
1222 3752 1309 3804 cui
1323 3769 1476 3803 vacca
1497 3750 1583 3801 illa
1599 3764 1719 3802 nata

701 3839 803 3890 suit
817 3876 834 3902 ‚
850 3848 982 3888 esset
997 3833 1238 3887 Sabinus.
1253 3862 1332 3873 --
1354 3832 1533 3882 Vacca.
1554 3831 1718 3901 Cujus

701 3936 897 3970 cornua
939 3934 1035 3987 per
1074 3915 1288 3982 longum
1317 3929 1484 3963 aevum
1526 3909 1627 3961 fixa
1662 3910 1718 3962 in

700 3995 961 4049 vestibulo
992 3993 1174 4064 templi
1205 3991 1413 4060 Biante,
1436 3989 1584 4060 quasi
1616 3990 1716 4041 mi-

700 4076 936 4131 raculum
966 4073 1144 4127 habita
1173 4084 1309 4125 sunt.

1807 2635 1922 2688 aliis
1939 2636 2307 2697 innotesceret,
2332 2650 2384 2689 et
2407 2656 2559 2690 vacca
2579 2639 2678 2690 sibi
2697 2658 2834 2710 proe-

1808 2715 2088 2786 riperetur.
2120 2748 2201 2757 -—
2227 2717 2420 2769 Aetam.
2458 2719 2521 2769 In
2549 2715 2673 2771 edd.
2702 2717 2832 2772 Aldi

1810 2808 1863 2847 et
1878 2795 2121 2848 Chalcoc.
2139 2794 2354 2849 additur
2368 2798 2692 2859 mactandam,
2711 2817 2831 2869 quae

1809 2892 1912 2926 vox
1935 2894 1996 2926 ex
2015 2877 2444 2929 annotationibus
2466 2877 2685 2949 alicujus
2708 2897 2834 2950 pro-

1809 2955 1893 3006 cul
1924 2953 2091 3007 dubio
2116 2969 2282 3008 assuta
2313 2970 2405 3009 est.

1895 3041 1946 3096 4.
1973 3036 2281 3104 Religionem.
2304 3035 2367 3088 Id
2398 3050 2496 3101 est,
2527 3050 2726 3090 metum
2749 3058 2832 3092 re·

1808 3114 2050 3182 ligioniS,
2102 3134 2168 3165 ne
2211 3117 2374 3168 Deam
2417 3115 2740 3182 offenderet,
2784 3120 2829 3171 si

1809 3193 1969 3245 illotis
2001 3195 2241 3246 manibus
2272 3214 2480 3249 vaccam
2512 3198 2826 3251 immolaret.

1809 3305 1889 3314 —
1916 3275 2138 3325 Proxe'mi
2161 3279 2313 3326 amnis
2344 3296 2485 3347 aqua.
2518 3277 2620 3329 Alii
2645 3279 2829 3349 legunt

1802 3358 2024 3423 proxima
2076 3374 2200 3426 aqua
2217 3393 2233 3420 ,
2276 3355 2420 3426 quod
2453 3356 2731 3410 Perizonio
2773 3371 2828 3411 et

1807 3433 2071 3485 Torrenio
2096 3452 2204 3486 non
2236 3433 2493 3506 displicet.

1893 3513 1944 3566 5.
1979 3513 2222 3566 Reddidit.
2264 3515 2331 3568 Et
2357 3535 2419 3567 ex
2451 3516 2552 3568 hoc
2584 3518 2826 3587 exemplo

1808 3605 1914 3645 tam
1937 3595 2265 3665 superstitio,
2288 3613 2443 3666 quam
2465 3597 2825 3648 Romanorum

1808 3671 2144 3743 imperitandi
2167 3673 2361 3744 cupido
2380 3675 2565 3727 elucet.
2592 3675 2702 3728 Nec
2723 3676 2825 3728 mi·

1806 3771 1955 3819 rum,
1979 3754 2021 3805 si
2049 3753 2129 3806 his
2158 3754 2343 3806 animis
2370 3754 2650 3825 imperium
2680 3756 2826 3808 orbis

1808 3843 2062 3884 terrarum
2079 3834 2419 3904 gentiumque
2446 3836 2553 3887 fere
2584 3836 2821 3887 omnium

1806 3912 2150 3965 obtinuerint.

1887 3997 1938 4046 6.
1983 3993 2181 4046 Brutus.
2210 3994 2403 4046 Brutus
2433 3995 2504 4047 ob
2526 3995 2818 4048 simulatam

1805 4071 2166 4144 stupiditatem
2181 4071 2371 4126 dictus.
