3143 5204
704 510 921 578 CAP.
981 512 1148 596 xv,
1203 512 1829 583 MAGNIFICA.
2189 520 2315 591 13¹

204 639 473 734 viguiff,
507 655 574 708 et
606 640 729 709 dea
767 643 833 708 in
871 641 1157 710 hominis
1195 645 1512 712 memoria
1533 698 1554 732 ,
1589 659 1656 713 et
1694 645 1897 716 homo
1927 650 1990 715 in
2020 648 2157 721 deae
2185 654 2331 724 reli-

202 749 392 841 gione
426 747 647 817 cultus
687 762 805 816 est.

310 880 374 924 2.
417 856 687 950 Gorgiae
732 879 889 923 vero
930 853 1218 924 leontino
1238 854 1256 877 ²
1297 856 1526 926 studiis
1569 857 1906 928 literarum
1954 864 2165 932 aetatis
2202 890 2334 937 suae

201 976 479 1031 cunctos
515 965 882 1057 praestanti,
912 961 1084 1032 adeo
1124 975 1201 1030 ut
1246 964 1500 1055 primus
1542 966 1610 1033 in
1649 982 1983 1037 conventu
2018 993 2292 1062 poscere
2311 1028 2328 1059 ‚

203 1092 332 1161 qua
367 1068 455 1137 de
491 1094 563 1138 re
598 1071 883 1164 quisque
912 1068 1140 1137 audire
1172 1067 1398 1155 vellet,
1434 1095 1633 1140 ausus
1669 1074 1784 1158 sit,
1825 1076 2132 1145 universa
2163 1080 2317 1149 Grae

201 1160 337 1242 cia³
379 1178 450 1245 in
492 1174 741 1271 templo
776 1173 1084 1270 Delphici
1123 1174 1447 1269 Apollinis
1484 1192 1770 1247 statuam
1815 1179 2024 1251 solido
2054 1208 2137 1252 ex
2169 1209 2332 1255 auro

201 1284 456 1374 posuit,
481 1308 686 1376 quum
713 1298 1105 1353 caeterorum
1133 1282 1218 1351 ad
1238 1279 1316 1352 'id
1347 1298 1607 1378 tempus
1631 1301 1898 1356 auratas
1924 1288 2327 1361 collocasset.

305 1387 375 1459 3.
439 1388 690 1458 Eadem
749 1378 945 1485 gens⁴
1006 1414 1266 1460 summo
1329 1416 1656 1462 consensu
1715 1392 1797 1462 ad
1854 1396 2332 1490 Amphiaraum

198 1495 648 1564 decorandum
692 1484 1062 1582 incubuit⁵3
1114 1494 1335 1566 locum
1359 1551 1377 1582 ,
1441 1500 1507 1566 in
1558 1524 1691 1593 quo
1730 1499 2041 1571 humatus
2083 1519 2218 1590 est,
2268 1510 2331 1574 in

201 1602 482 1672 formam
538 1603 1114 1698 conditionemque
1174 1602 1401 1698 templi
1461 1605 1861 1701 redigendn,
1916 1623 2114 1704 atque
2178 1613 2329 1681 inde

189 1790 464 1861 frequenter
478 1827 491 1848 ‚
532 1802 758 1860 quatuor
788 1791 1085 1861 frequentem
1126 1789 1220 1841 ha·

199 1868 448 1922 bentfied
462 1881 604 1921 recte
615 1869 1078 1941 domumsrequenter
1084 1889 1222 1920 vene-

199 1954 316 2013 rati,
347 1949 387 2001 i.
407 1969 457 2002 e.
475 1968 521 2001 a.
545 1949 688 2000 mille
712 1951 1046 2002 senatoribus
1063 1962 1118 2002 et
1143 1961 1223 2002 tot

198 2026 492 2100 discipulis,
513 2042 571 2081 ut
586 2029 876 2100 explicabat
891 2029 1217 2082 Perizonius.

278 2128 327 2161 ι.
364 2109 704 2181 Quantumque
751 2109 840 2161 illa
885 2110 995 2161 urbs
1041 2112 1220 2179 viguit.

202 2188 535 2261 Quantumque
595 2189 826 2242 restituit
881 2189 1099 2260 Pighius
1159 2209 1222 2243 ex

203 2266 358 2321 codd.
386 2268 542 2323 MSS.
573 2268 771 2340 Estque
797 2282 850 2322 et
876 2270 933 2322 in
962 2288 1072 2322 uno
1100 2267 1218 2322 cod.

198 2347 387 2401 Brand.
405 2347 571 2401 Aldus
585 2362 637 2401 et
650 2349 894 2403 Chalcoc.
916 2348 1194 2403 ediderant
1206 2391 1221 2416 ,

195 2448 422 2501 quamque
447 2430 537 2481 illa
561 2428 672 2481 urbs
697 2432 801 2498 vig.
832 2427 978 2496 Quid
1010 2430 1052 2482 si
1083 2428 1220 2501 lega-

198 2520 294 2560 tur.
347 2509 686 2582 Quamdiuque
735 2511 819 2561 illa
864 2509 973 2561 urbs
1015 2514 1177 2579 viguit
1191 2517 1220 2560 Ρ

197 2588 374 2642 Vorst.
416 2588 752 2661 Quantumque
781 2590 871 2642 illa
896 2589 1006 2642 urbs
1037 2594 1215 2660 viguit.

195 2668 300 2722 MS.
335 2690 588 2742 quamque.
630 2670 787 2722 Forte
828 2690 1073 2742 quumque.
1116 2668 1220 2722 Sed

195 2768 296 2801 non
346 2750 486 2802 male
530 2751 776 2802 Vorstius
825 2770 964 2823 quam
1011 2750 1216 2822 diuque,-

198 2829 433 2882 Perizon.
463 2828 614 2883 Harl.
630 2843 853 2901 uterque
873 2830 1037 2882 Paris.
1060 2831 1213 2883 Barb.

197 2911 347 2979 prim.
392 2930 579 2981 quaque
621 2911 707 2961 illa
749 2911 858 2961 urbs
895 2913 1072 2978 viguit.
1108 2910 1211 2963 Bit.

195 2989 344 3059 prim.
378 2987 530 3041 Leid.
566 2990 739 3061 quint.
770 3010 954 3061 quaque
983 2991 1059 3042 illi
1090 2989 1210 3042 urbi.

195 3069 342 3122 Unus
355 3069 555 3139 Ultraj.
577 3089 885 3140 quamquam,
901 3069 1031 3122 alter
1058 3089 1211 3142 quan-

197 3163 317 3211 tam,-
339 3167 625 3222 quamquam
657 3149 803 3221 Mog.

270 3249 323 3283 2.
392 3228 598 3300 Gorgiae
652 3249 769 3281 ‘vero
833 3230 1058 3290 leontini,
1112 3243 1211 3283 etc.
1289 3281 1292 3282 γ

189 3312 479 3377 proestantis.
522 3309 610 3363 Sic
640 3322 934 3362 mutaverat
966 3309 1214 3380 Pighius,

193 3405 354 3458 quum
380 3389 672 3460 legeretur,
701 3388 905 3459 Gorgioe
935 3409 1052 3441 vero
1083 3389 1214 3442 leon-

195 3472 304 3531 tiae,
321 3482 423 3522 etc.
431 3474 707 3540 praestanti.
724 3470 809 3522 Sic.
823 3481 877 3521 et
889 3468 1045 3523 MSS.
1061 3471 1212 3524 bene.

194 3547 492 3601 Posuerunt
549 3561 771 3602 statuam
827 3548 1031 3619 Gorgiae
1082 3549 1215 3601 leon·

196 3631 316 3693 tino,
350 3641 409 3681 ut
439 3628 620 3682 Phaed.
650 3629 789 3700 Epil.
814 3629 909 3682 lib.
942 3629 1014 3681 11.

245 3714 392 3764 AEoopo
418 3712 617 3763 ingentem
645 3721 806 3751 statuam
833 3725 998 3765 posuere
1027 3709 1168 3765 Attici}

196 3787 257 3841 Et
280 3791 356 3844 sic
383 3808 522 3860 soepe
548 3788 690 3861 apud
719 3790 1030 3844 Ciceronem
1054 3801 1216 3840 statua

189 3875 342 3936 posita
383 3872 532 3921 alicui
557 3871 758 3937 injbro,
790 3873 838 3921 in
870 3875 1059 3926 rostris,
1090 3868 1219 3921 dici-

196 3960 295 4000 tur.
356 3951 439 4002 De
498 3948 689 4018 Gorgia
748 3963 919 4002 autem
978 3950 1213 4010 leontino,

194 4027 312 4081 vide
361 4048 480 4101 quae
539 4030 740 4082 notavit
792 4031 1099 4083 Perizonius
1152 4027 1218 4081 ad

199 4109 383 4161 AElian.
420 4110 516 4161 lib.
555 4110 599 4161 1.
646 4111 758 4161 Var
800 4109 932 4163 Hist.
977 4111 1082 4172 23,
1126 4110 1218 4180 qui

197 4184 350 4240 etiarn
395 4190 484 4241 hic
531 4208 592 4241 ex
626 4191 758 4260 Cop.
800 4190 1056 4260 probabat
1093 4190 1220 4243 Gor-

1311 1794 1410 1857 giae
1450 1790 1656 1841 leontino
1672 1830 1687 1852 ‚
1738 1804 1790 1844 et
1834 1812 1933 1863 pro
1979 1800 2162 1864 primus
2210 1814 2334 1849 con·

1308 1868 1521 1937 jiciebat
1557 1870 1695 1923 forte
1742 1872 2052 1943 legendum,
2095 1880 2332 1945 protinus.

1313 1946 1419 2000 Sed
1457 1969 1566 2001 non
1608 1970 1741 2022 opus
1772 1966 1847 2004 est
1886 1953 1991 2005 ulla
2026 1957 2332 2009 mutatione.

1311 2029 1504 2081 Primus
1546 2031 1689 2083 enim
1739 2051 1920 2086 revera
1972 2033 2193 2105 Gorgias
2234 2038 2335 2090 hoc

1310 2107 1450 2161 fecit.
1477 2110 1588 2163 Cic.
1615 2109 1684 2162 de
1706 2111 1852 2163 Orat.
1878 2114 1969 2165 lib.
2000 2114 2045 2176 1,
2071 2133 2160 2166 υ.
2192 2118 2341 2185 Quod

1302 2193 1508 2258 primum
1521 2192 1698 2257 jerunt
1721 2192 1973 2243 leontiaum
2000 2195 2177 2260 fecisse
2209 2196 2337 2249 Gor-

1306 2272 1439 2337 giam
1458 2308 1474 2336 ‚
1502 2274 1588 2340 qui
1608 2290 1919 2341 permagnum
1944 2273 2171 2345 quiddam
2192 2283 2337 2328 susci-

1300 2368 1414 2418 pere
1432 2369 1490 2399 ac
1505 2349 1727 2419 profiteri
1745 2351 2017 2413 videbatur,
2043 2374 2183 2425 quum
2204 2376 2255 2406 sc
2271 2359 2341 2407 ud

1307 2432 1464 2479 omnia
1486 2428 1546 2481 de
1566 2431 1736 2502 quibus
1756 2434 1950 2504 quisque
1967 2433 2134 2484 audire
2158 2436 2328 2493 vellet,

1305 2528 1402 2559 esse
1408 2522 1635 2577 paratum
1652 2511 1985 2573 demmce‘uret;
2001 2525 2054 2565 et
2067 2511 2135 2564 de
2155 2515 2242 2566 lib.
2257 2517 2327 2567 ΙΙ.

1305 2586 1372 2641 de
1400 2587 1518 2656 Fin,
1559 2610 1605 2644 1.
1640 2592 1854 2661 Quorum
1878 2615 1904 2643 e
1934 2613 2127 2645 numero
2147 2600 2328 2666 primus

1305 2682 1374 2719 est
1413 2690 1555 2721 ausus
1592 2672 1826 2723 leonte‘nus
1866 2671 2080 2742 Gorgias
2123 2679 2171 2727 ἰη
2217 2696 2331 2727 con-

1304 2761 1451 2800 ventu
1476 2770 1670 2820 poscere
1698 2757 1998 2823 quoesnbnem
2012 2792 2027 2813 ,
2056 2754 2111 2805 id
2133 2768 2201 2805 es!
2215 2795 2228 2816 ‚
2252 2760 2333 2825 ju-

1304 2828 1410 2880 bere
1438 2829 1624 2893 dicere,
1660 2852 1756 2904 qua
1782 2832 1841 2883 de
1868 2853 1917 2883 re
1945 2837 2049 2904 quis
2073 2837 2217 2886 vellet
2248 2857 2333 2889 au-

1302 2910 1423 2961 dire.
1476 2910 1650 2975 Quem
1697 2911 1873 2964 locum
1919 2913 2160 2968 Valerius
2210 2930 2331 2970 aute

1303 2990 1484 3041 oculos
1516 2991 1760 3044 habuisse
1802 2990 2029 3044 videtur.
2066 3027 2144 3036 —
2188 2997 2334 3049 Leon·

1293 3073 1421 3121 «τίιιο.
1459 3069 1586 3123 vid.
1615 3072 1766 3123 Plato
1790 3072 1845 3123 in
1869 3072 2094 3142 Gorgia3
2120 3075 2231 3129 Cic.
2262 3074 2330 3130 de

1304 3149 1399 3202 Or.
1413 3149 1736 3214 111;deFin.
1751 3151 2253 3220 11;Plin.XXX111,
2272 3163 2326 3220 4.

1384 3229 1438 3282 3.
1474 3230 1704 3283 Universa
1745 3230 1958 3286 Graect‘a.
1997 3231 2139 3286 Vide
2170 3235 2325 3289 Olea-

1301 3309 1442 3361 rium
1474 3308 1541 3362 ad
1573 3311 1874 3364 Philostrat.
1904 3331 1959 3382 p.
1996 3314 2126 3381 493.

1386 3395 1437 3452 4.
1480 3390 1670 3442 Eadem
1715 3410 1847 3461 gens.
1901 3390 2046 3445 Harl.
2102 3407 2325 3466 uterque

1302 3468 1469 3521 Paris.
1483 3469 1642 3523 Barb.
1658 3471 1815 3542 prim.
1832 3471 2019 3522 Eadem
2033 3475 2176 3525 etiam
2188 3495 2323 3543 gens.

1303 3548 1525 3621 Aliquot
1550 3550 1700 3604 MSS.
1731 3568 1854 3604 cum
1874 3551 2023 3622 Mog.
2055 3553 2209 3605 locum
2235 3576 2328 3628 quo

1302 3629 1520 3681 humatus
1559 3642 1632 3681 est
1645 3652 1665 3692 ,·
1709 3649 1818 3682 non
1857 3632 1995 3683 male
2039 3645 2327 3705 utrumque

1304 3708 1494 3781 Ultraj.
1528 3711 1685 3781 prim.
1716 3722 1767 3763 et
1795 3711 1937 3781 Mog.
1973 3711 2203 3766 oraculo.

1389 3789 1441 3842 5.
1473 3791 1713 3843 Incubuit.
1736 3790 1924 3842 Strabo
1946 3810 1977 3860 9
1999 3805 2051 3844 et
2077 3797 2173 3859 16;
2195 3794 2326 3846 Pau·

1305 3887 1413 3921 san.
1441 3869 1495 3922 in
1510 3871 1826 3936 Attic.;cie.
1844 3868 1911 3922 de
1930 3871 2107 3924 Divin.
2133 3874 2174 3925 1.
2198 3875 2327 3926 Am-

1305 3949 1554 4020 phiaraus
1580 3951 1721 4003 bello
1754 3950 1984 4003 thebano
2014 3952 2191 4004 subito
2222 3966 2327 4006 ter·

1306 4047 1377 4082 roe
1392 4030 1542 4083 hiatu
1553 4029 1729 4084 fuerat
1739 4032 2015 4101 absorptus
2030 4049 2152 4083 cum
2170 4035 2327 4086 armis

1306 4122 1358 4162 et
1387 4129 1543 4181 equo.
1571 4111 1696 4163 Fuit
1719 4111 1808 4163 ille
1834 4123 1975 4162 vates
1994 4111 2327 4178 clarissimuS,

1306 4190 1433 4242 olim
1467 4191 1532 4242 ab
1565 4189 1883 4260 Argonautis
1919 4191 2128 4243 accitus.

1848 4298 1929 4392 9.
