3143 5204
388 483 603 551 CAP.
663 484 881 566 XIV,
936 484 1073 550 DE
1127 486 1593 565 CUPIDIT.
1653 488 2101 556 GLORIAE.
2175 506 2313 583 ¹¹9

202 614 511 708 quamdiu
570 638 916 683 romanum
983 615 1331 709 imperium
1384 614 1687 702 floreret,
1736 631 1804 686 et
1842 619 2062 688 Africa
2115 620 2319 690 ltaliae

202 720 476 815 pedibus
502 736 674 791 esset
703 720 1026 813 subjecta,
1061 722 1393 815 totiusque
1423 735 1748 790 terrarum
1780 724 1959 794 orbis
1987 750 2319 795 summum

200 826 505 896 columen
550 850 669 896 arx
713 826 1066 921 capitolina
1108 826 1505 923 possideret,
1553 852 1783 898 eorum
1825 832 2148 925 exstingui
2183 859 2316 902 me-

201 935 480 1002 moriam
532 959 670 1003 non
723 959 963 1028 posse3
1017 936 1071 1004 si
1119 949 1342 1004 tamen
1391 934 1729 1004 literarum
1780 961 2043 1031 quoque
2098 937 2319 1008 lumen

201 1039 321 1109 illis
381 1042 795 1127 accessisset,
839 1042 1061 1136 magni
1113 1042 1478 1124 aestimans;
1527 1043 1631 1110 vir
1684 1046 2038 1113 Homerico
2058 1098 2077 1132 ,
2124 1070 2321 1138 quam

203 1145 382 1215 rudi‘
419 1160 619 1242 atque
654 1146 953 1242 impolito
988 1150 1351 1242 praeconio,
1395 1147 1672 1244 dignior.

310 1278 376 1322 2.
418 1252 730 1323 Similiter
778 1254 1144 1326 honoratus
1162 1253 1183 1280 ³
1233 1256 1491 1327 animus
1535 1279 1692 1349 erga
1743 1263 2008 1349 poetam
2050 1258 2322 1327 Accium

205 1362 285 1428 Ι).
324 1362 550 1447 Bruti,
580 1361 712 1430 suis
743 1362 1151 1456 temporibus
1186 1359 1347 1434 clari
1381 1361 1598 1450 ducis,
1624 1363 1888 1432 exstitit.
1921 1365 2108 1459 cujus
2139 1364 2325 1434 fami-

206 1465 346 1534 liari
369 1413 554 1536 cultii
584 1481 653 1536 et
677 1482 988 1563 prompta
1022 1467 1397 1539 laudatione
1432 1467 1793 1539 delectatus
1805 1494 1903 1563 e]
1913 1494 1987 1539 us
2026 1472 2323 1540 versibus

206 1571 604 1691 templorum
629 1572 873 1659 aditus,
893 1600 1042 1670 quae
1068 1600 1149 1649 ex
1172 1561 1534 1645 manubiis³
1565 1590 2105 1664 consecraverat,
2134 1577 2326 1646 ador-

209 1680 408 1749 navit.

312 1781 380 1854 3.
419 1787 526 1854 Ne
562 1788 911 1923 Pompeius
952 1788 1220 1882 quidem
1263 1791 1550 1883 Magnus
1599 1790 1684 1857 ab
1726 1791 1857 1859 hoc
1891 1789 2139 1859 affectu
2178 1785 2327 1884 glo-‘-

209 1893 319 1960 riae
358 1880 672 1963 aversus⁴
683 1947 702 1981 ,
744 1895 857 1988 qui
869 1894 1375 2014 Theophanem
1418 1894 1891 2014 mitylenaeum,
1938 1898 2326 1991 scriptorem

209 2023 427 2066 rerum
489 2022 806 2087 suarum,
865 2026 933 2069 m
988 2003 1307 2071 concione
1360 2001 1642 2071 militum
1699 2003 1965 2071 civitate
2020 2002 2327 2087 donavit;

209 2104 602 2174 beneficium
656 2131 777 2200 per
831 2132 899 2176 se
945 2106 1283 2204 amplum,
1332 2124 1640 2178 accurata
1692 2109 1888 2177 etiam
1946 2123 2012 2177 et
2055 2095 2329 2178 testata⁵

208 2212 506 2281 oratione
543 2226 976 2330 prosecutus:
1022 2239 1155 2309 quo
1191 2214 1503 2285 effectum
1547 2230 1689 2302 est,
1735 2230 1809 2283 ut
1843 2239 1927 2283 ne
1961 2216 2107 2308 quis
2141 2215 2331 2284 dubi·

209 2331 412 2405 taret,
442 2319 605 2412 quin
640 2318 916 2389 referret
948 2323 1183 2450 potius
1202 2323 1516 2415 gratiam,
1551 2344 1749 2414 quam
1788 2320 2148 2390 inchoaret.
2240 2366 2259 2381 .

312 2428 382 2510 4.
426 2428 509 2493 1..
550 2440 773 2495 autem
809 2411 1025 2495 Sulla⁶
1035 2429 1218 2514 ,etsi
1263 2428 1348 2497 ad
1391 2428 1720 2497 neminem
1761 2428 2149 2522 scriptorem
2188 2429 2328 2496 ani-

213 2556 393 2600 mum
432 2530 703 2621 direxit,
736 2546 956 2602 tamen
983 2534 1330 2629 Jugurthoe
1358 2558 1399 2604 a
1429 2535 1697 2605 Boccho
1734 2558 1939 2629 rege
1924 2534 2008 2602 ad
2040 2535 2329 2602 Marium

213 2638 512 2732 perducti
555 2654 760 2709 totam
806 2639 930 2709 sibi
974 2639 1235 2710 laudem
1282 2655 1418 2711 tam
1459 2641 1698 2736 cupide
1739 2642 2049 2728 asseruit,
2088 2656 2165 2710 ut
2208 2666 2331 2710 an-

212 2744 399 2832 nulo,
428 2771 565 2840 quo
603 2747 961 2842 signatorio
1000 2748 1345 2835 utebatur,
1379 2747 1773 2842 insculptam
1816 2746 1990 2820 illam
2037 2747 2334 2818 traditio·

212 2876 358 2920 nem
403 2852 718 2939 haberet;
761 2868 830 2922 et
872 2868 1156 2947 quantus
1198 2850 1457 2949 postea!
1503 2879 1588 2923 ne
1639 2856 1983 2925 minimum
2031 2855 2290 2949 quidem
2310 2853 2332 2892 ⁷

210 2957 432 3051 gloriae
476 2960 826 3053 vestigium
863 2962 1274 3055 contempsit.

1398 3155 1452 3206 3.
1507 3154 1772 3206 Manubiis·
1806 3154 2055 3206 Manubiae
2092 3154 2180 3205 hie
2217 3167 2340 3206 sunt

1315 3232 1554 3304 pecunia!
1580 3252 1645 3286 ex
1674 3231 1983 3287 venditione
2009 3231 2219 3303 praedae.

294 3172 343 3205 r.
385 3151 521 3204 Rada·
557 3164 698 3222 aeque
735 3153 966 3220 impolito.
1012 3152 1228 3205 Frustra

211 3231 457 3284 Barthius
479 3231 698 3302 conjicit
725 3231 886 3284 Radia
908 3251 1053 3302 eoque
1076 3236 1226 3302 impo-

212 3312 314 3364 lito·
345 3310 531 3364 Lectio
562 3310 793 3382 vulgaris
819 3311 1037 3365 Vorstio
1067 3312 1229 3383 magis

212 3391 399 3462 placet.
431 3391 696 3445 ceterum
722 3409 829 3443 non
846 3390 1089 3444 Valerius
1117 3404 1230 3444 tan-

211 3484 347 3536 tum,
361 3469 456 3525 sed
473 3483 527 3523 et
544 3471 634 3524 alii
660 3470 838 3524 Ennio
855 3472 1107 3524 ruditatem
1132 3472 1226 3524 tri-

211 3550 404 3603 buunt.
425 3550 514 3604 Sic
536 3549 760 3605 Ovidius
781 3569 796 3603 ε
824 3551 1016 3603 Ennius
1042 3554 1232 3619 ingenio

214 3635 465 3688 mimus,
497 3641 602 3682 arte
624 3631 774 3684 rudis.
804 3630 916 3683 Hac
944 3648 1073 3684 voce
1096 3649 1235 3683 oom-

211 3711 391 3782 plnres
422 3708 493 3764 ad
530 3712 642 3780 ejus
677 3710 903 3780 patriam
931 3708 1130 3763 Rudias
1158 3712 1233 3764 al-

215 3790 394 3843 lusisse
435 3802 722 3862 putantur3
754 3788 900 3861 quod
940 3789 1098 3843 etiam
1123 3791 1234 3843 Va·

216 3870 326 3922 lerii
349 3872 529 3923 animo
557 3871 822 3924 inhaesiose
842 3867 1071 3923 videtur.

297 3969 348 4000 2.
392 3951 691 4003 Honoratus.
717 3949 822 4015 Qui
851 3949 943 4002 alii
973 3949 1231 4004 honorem

220 4027 402 4097 habet,
432 4031 623 4085 active.
653 4028 957 4089 Vid.v111,
990 4031 1089 4093 13,
1115 4029 1229 4082 init.

224 4122 387 4161 amaea
425 4113 618 4163 mentia.
648 4141 726 4150 -—
763 4111 982 4162 Accium.
1018 4112 1118 4161 Au.
1161 4110 1229 4162 U.

228 4192 290 4239 62
306 4209 326 4242 r
341 4231 352 4242 .
369 4192 482 4244 Cic.
505 4190 561 4242 in
578 4191 762 4254 Bruto,
785 4202 838 4244 et
855 4210 907 4260 p.
936 4190 1153 4253 Archia,
1180 4210 1231 4243 2.

1399 3318 1450 3376 4.
1471 3312 1699 3365 Amr-sus.
1725 3315 1829 3365 An.
1855 3314 1926 3365 U.
1951 3312 2177 3367 circiter.
2201 3318 2335 3383 692.

1317 3391 1534 3449 Strabo,
1556 3392 1724 3457 xm;
1752 3392 1921 3446 Cicer.
1943 3412 2042 3463 pro
2064 3393 2221 3446 Arch.
2253 3410 2335 3446 ιο.

1401 3470 1452 3524 5.
1519 3470 1733 3524 Tenum.
1777 3470 1842 3524 Id
1882 3485 1987 3537 est,
2029 3473 2239 3543 copiosa
2286 3485 2339 3524 et

1317 3562 1444 3605 nota
1463 3551 1720 3605 oratione.
1737 3550 1863 3604 Vid.
1881 3571 2025 3622 supr.
2047 3553 2146 3615 IV,
2172 3572 2191 3605 ι
2219 3590 2235 3617 ,
2255 3570 2276 3604 1
2289 3573 2338 3606 a.

1401 3635 1455 3685 6.
1481 3630 1641 3685 Sulla.
1671 3633 1772 3684 An.
1807 3632 1877 3684 U.
1910 3635 2041 3702 647.
2070 3633 2337 3687 Plutarch.

1320 3711 1459 3764 Plin.
1478 3711 1747 3764 XXXVII
1762 3715 1779 3778 ,
1808 3730 1829 3763 1
1854 3731 1870 3778 3
1894 3725 1946 3763 et
1973 3711 2179 3764 Sallust.
2210 3712 2269 3763 B.
2289 3714 2340 3765 J.

1319 3821 1400 3834 -—
1438 3791 1748 3862 Insculptum.
1782 3790 1977 3844 Similis
2013 3790 2191 3861 gloriar
2232 3805 2344 3845 stu-

1321 3868 1501 3924 diosus
1516 3908 1532 3938 ,
1557 3871 1650 3942 qui
1682 3871 1738 3922 in
1770 3869 1941 3940 sigillo
1964 3872 2230 3942 sculptum
2250 3872 2343 3925 ha-

1319 3950 1437 4005 buit
1447 3968 1642 4022 equum
1656 3946 1901 4016 illumssc'
1914 3952 1963 4003 ὃν
1980 3951 2344 4021 mauu-iocum

1320 4028 1649 4083 ίὸασὶλιυσιν.

1403 4130 1456 4179 7.
1481 4111 1557 4163 Ne
1587 4114 1823 4163 mint'mum
1847 4111 2050 4181 quidem.
2078 4109 2205 4164 Vid.
2230 4111 2346 4164 Cic.

1324 4207 1422 4259 pro
1447 4190 1671 4255 Archia,
1705 4210 1787 4244 ιο.
2004 4260 2025 4301 4
