3143 5204
875 516 1013 587 132
1059 518 1268 584 VAL.
1303 518 1537 583 MAX.
1574 519 1648 582 L.
1682 518 1920 600 VIII,

1952 520 2026 584 C.
2070 519 2232 603 XV,
2265 519 2879 591 MAGNIFICA.

863 648 1130 721 oracula
1159 649 1305 742 capi
1328 647 1766 715 instituendo:
1801 648 1987 741 cujus
2019 649 2271 717 cineres
2290 648 2512 719 ¹idem
2544 653 2815 723 honoris
2842 679 2986 749 pos-

860 757 1100 843 sident,
1127 755 1304 849 quod
1328 754 1613 848 Pythicae
1639 751 1941 823 cortinoe²
1948 754 2169 848 ,quod
2198 754 2414 825 aheno
2443 758 2774 847 Dodonae,
2806 762 2982 855 quod

860 864 1248 932 Hammonis
1286 860 1449 929 fonti
1488 846 1721 928 datur³
1728 915 1739 927 .

963 974 1030 1056 4.
1072 969 1246 1037 Phe1
1247 954 1510 1036 enices
1555 992 1817 1061 quoque
1874 992 2007 1036 non
2064 967 2352 1062 vulgaris
2402 971 2648 1057 honoS‚
2703 974 2810 1041 cui
2861 972 2983 1042 soli

854 1078 1150 1146 omnium
1209 1073 1603 1143 feminarum
1661 1075 1968 1168 gymnico
2027 1075 2405 1168 spectaculo
2464 1079 2774 1148 interesse
2829 1105 2978 1175 per·

853 1186 1121 1253 missum
1166 1195 1303 1267 est,
1305 1205 1546 1310 ⁴5quum
1592 1180 1677 1249 ad
1714 1179 2028 1275 Olympia
2078 1179 2284 1249 filium
2326 1171 2604 1253 Euclea⁵
2641 1201 2978 1255 certamen

849 1294 1297 1385 ingressurum
1305 1272 1734 1356 ⁶adduxisset
1748 1286 2243 1381 ‚olympionice
2270 1303 2457 1383 patre
2489 1293 2742 1386 genita,
2771 1293 2980 1362 fratri-

849 1398 972 1466 bus
1007 1394 1309 1464 eamdem
1349 1391 1636 1487 palmam
1676 1392 2040 1487 assequutis
2079 1392 2282 1463 latera
2326 1397 2466 1489 ejus
2500 1400 2939 1493 cingentibus.

931 1605 978 1638 1.
1011 1583 1162 1653 Cequs
1178 1584 1370 1633 cineres.
1394 1578 1480 1632 sic
1503 1577 1750 1648 Pighius,
1774 1579 1861 1630 alii

844 1670 968 1737 Ejus
1009 1667 1201 1716 cineres.
1243 1658 1346 1714 Sed
1384 1659 1610 1710 alterum
1649 1657 1862 1710 firmant

840 1745 990 1801 MSS.
1001 1742 1164 1796 nostri
1171 1740 1399 1809 ,etMog.
1410 1736 1495 1791 ed.
1507 1735 1858 1791 cumMediol.

924 1846 976 1879 2.
1005 1823 1232 1875 Cortinae.
1258 1818 1470 1871 Secreto
1492 1818 1632 1870 antri
1648 1818 1862 1889 Delphi-

836 1909 915 1971 ci,
941 1923 1034 1959 seu
1058 1901 1238 1974 adyto.
1268 1932 1347 1940 —
1374 1899 1564 1950 Aheno.
1595 1900 1755 1950 AEreo
1787 1898 1857 1949 si-

836 1987 1071 2039 mulacro
1103 1983 1157 2033 in
1184 1981 1352 2033 forma
1387 1978 1647 2031 columban
1671 1989 1762 2030 aut
1781 1978 1859 2031 le-

833 2067 992 2129 betis,
1013 2083 1042 2116 e
1064 2068 1213 2132 cujus
1240 2059 1435 2112 tinnitu
1459 2058 1635 2123 sutura
1651 2055 1855 2127 judica-

831 2149 977 2200 bant.
1034 2141 1260 2195 Dodona
1284 2173 1301 2199 ‚
1347 2138 1499 2209 Epiri
1556 2135 1852 2208 oppidum,

829 2226 1014 2280 habuit
1051 2220 1415 2293 propinquum
1455 2236 1719 2288 quernum
1760 2236 1851 2270 ne-

829 2326 945 2360 mus
963 2345 980 2369 ,
1006 2304 1038 2355 J
1041 2302 1125 2354 ovi
1140 2309 1499 2354 consecratum
1517 2336 1533 2362 ,
1557 2297 1616 2349 in
1634 2315 1742 2368 quo
1765 2295 1855 2348 da-

827 2390 955 2441 bant
978 2400 1227 2454 responsa
1252 2378 1529 2431 columbae.
1558 2408 1640 2418 —-
1681 2377 1848 2428 Fonti.

826 2469 966 2521 Num
997 2464 1209 2531 fronti?
1245 2459 1366 2510 Jam
1405 2457 1528 2528 quia
1563 2456 1850 2508 Hammoni

824 2563 1022 2601 cornua
1045 2542 1380 2602 tribuuntur,
1402 2537 1456 2588 in
1481 2554 1698 2589 nemore
1722 2554 1848 2588 vero

825 2623 1134 2680 Hammonis
1165 2621 1292 2672 olim
1307 2621 1425 2686 fons
1443 2617 1578 2669 Solis
1600 2617 1847 2668 statuitur

825 2707 996 2769 (Curt.
1014 2704 1116 2766 IV,
1135 2719 1192 2770 7,
1220 2717 1245 2749 2
1260 2718 1286 2750 2
1305 2717 1324 2763 3
1346 2697 1485 2748 Mela
1506 2697 1550 2760 Ι,
1581 2694 1656 2764 9.)
1673 2733 1690 2759 ,
1707 2697 1844 2748 Tor·

823 2785 1002 2840 renius
1032 2784 1262 2834 incertus
1298 2777 1488 2837 haeret,
1530 2788 1707 2828 utrum
1749 2774 1841 2828 de·

824 2869 944 2919 beat
972 2862 1091 2934 eligi
1109 2880 1124 2924 ;
1136 2860 1274 2925 fonti
1301 2870 1473 2909 tamen
1503 2855 1735 2926 praefert.

905 2947 935 2998 3
948 2985 959 2997 .
983 2941 1131 3012 Quod
1141 2940 1291 2990 aheno
1301 2936 1536 2992 Dodonae,
1553 2936 1843 3006 quodllam·

823 3030 972 3078 monis
989 3024 1122 3090 sonti
1150 3019 1311 3070 datur.
1340 3014 1491 3068 MSS.
1523 3014 1633 3066 fere
1658 3033 1842 3067 omnes

823 3105 1034 3168 vitiose,
1067 3099 1199 3174 quod
1223 3098 1430 3150 Aehenoe
1458 3094 1710 3155 Dodenam
1734 3113 1836 3146 sec.

821 3187 1011 3256 Ultraj.
1049 3176 1195 3252 quod
1230 3177 1332 3230 Aeh
1335 3180 1454 3227 eni-c.
1495 3172 1664 3226 Iidem
1712 3175 1844 3246 quod

820 3265 1104 3318 Hammonis
1130 3261 1289 3326 fivnee'
1326 3255 1485 3307 datur.
1529 3255 1674 3326 Mog.
1711 3255 1843 3326 quod

815 3347 1022 3400 Athenis
1070 3340 1307 3398 Dodone,
1373 3336 1505 3408 quod
1554 3335 1838 3386 Hammonis

802 3429 964 3492 fronti
988 3424 1152 3475 datur.
1171 3419 1222 3469 V
1225 3436 1374 3470 erum
1395 3414 1530 3467 nihil
1551 3433 1834 3467 commune

811 3519 889 3561 est
919 3505 1126 3559 Athenis
1150 3518 1269 3552 cum
1300 3496 1550 3548 Dodonoeo
1583 3495 1822 3554 Orac-nlo,

810 3583 954 3660 quod
987 3586 1042 3636 in
1074 3580 1238 3651 Epiro
1272 3577 1430 3629 fuisse
1469 3574 1716 3626 omnibus
1751 3587 1828 3626 est

806 3665 1157 3720 notissimum.
1169 3660 1236 3710 Et
1249 3654 1653 3709 celeberrimum
1666 3653 1822 3706 etiam

804 3743 1088 3817 proverbio
1121 3760 1187 3792 ωε
1220 3736 1539 3789 Dodona-um.
1571 3733 1826 3798 Quamvis

802 3823 936 3879 illud
963 3821 1127 3893 magis
1156 3819 1353 3870 tinnitu
1383 3833 1505 3880 suc,
1543 3831 1702 3884 quem
1737 3832 1821 3866 ra-

800 3905 903 3959 diis
926 3904 1050 3957 solis
1072 3902 1235 3953 ictum
1256 3895 1432 3960 dabat,
1451 3912 1608 3965 quam
1631 3912 1818 3946 oracu-

797 3987 861 4038 lis
914 3984 1050 4037 datis
1100 3981 1298 4034 clarum
1348 3975 1467 4028 suit.
1512 3973 1815 4026 pertinebat
1896 3976 2084 4042 pionaece
2138 3974 2285 4028 MSS.

1899 4051 2045 4105 Harl.
2094 4055 2440 4125 Olympionica.

800 4083 967 4117 tamen
997 4060 1060 4115 ad
1099 4058 1358 4113 Graculum
1390 4055 1523 4107 Jom's
1556 4053 1809 4105 Dodoncei.

1950 1579 2006 1630 F
2002 1582 2129 1630 ronti
2151 1597 2275 1631 vero
2292 1581 2602 1643 Hammonis,
2618 1584 2828 1654 placere
2844 1588 2979 1639 mul·

1946 1659 2013 1709 tis
2042 1659 2233 1729 possit,
2259 1679 2323 1711 eo
2351 1661 2495 1732 quod
2516 1662 2708 1734 Jupiter
2730 1666 2973 1719 Hammon

1947 1737 2193 1809 inprimis
2250 1742 2496 1794 notabilis
2553 1757 2666 1796 erat
2732 1746 2970 1800 cornibus.

1945 1816 2106 1870 Unde
2119 1819 2276 1871 etiam
2293 1820 2426 1874 Min.
2441 1822 2547 1874 Fel.
2563 1841 2678 1894 cap.
2700 1842 2725 1874 2
2744 1843 2788 1876 1.
2812 1827 2973 1894 Quum

1946 1897 2190 1949 Hammon
2221 1900 2412 1962 dicitur,
2453 1902 2593 1953 habet
2626 1923 2836 1966 cornua,
2830 1925 2842 1936 ·
2877 1907 2969 1958 ubi

1943 1975 2065 2029 vide
2122 1991 2273 2032 notas
2328 1981 2566 2034 virorum
2613 1982 2965 2046 eruditorum,

1941 2057 2189 2110 Interea
2173 2078 2230 2110 1n
2265 2078 2452 2112 nemore
2477 2064 2762 2115 Hammonis
2790 2083 2820 2116 a
2847 2067 2969 2136 qni·

1938 2135 2161 2189 busdam
2190 2140 2439 2193 statuitur
2476 2142 2635 2195 etiam
2665 2146 2785 2210 sons
2818 2149 2963 2199 solis.

1938 2214 2006 2268 de
2050 2235 2158 2287 quo
2201 2218 2351 2272 Curt.
2388 2221 2479 2274 lib.
2511 2223 2624 2287 lv,
2659 2243 2727 2292 7,
2764 2244 2867 2289 22,
2913 2240 2966 2279 et

1937 2295 2077 2349 Mela
2103 2298 2196 2349 lib.
2225 2298 2280 2366 Ι,
2301 2302 2362 2364 8,
2382 2314 2441 2353 ut
2464 2303 2694 2354 incertus
2710 2303 2933 2358 haeream
2948 2347 2963 2369 ,

1937 2388 2116 2428 utrum
2161 2375 2350 2432 debeat
2398 2381 2532 2453 eligi.
2582 2383 2739 2434 Fonte·
2783 2396 2959 2438 tamen

1933 2458 2175 2526 praefero.

2019 2542 2070 2598 4.
2099 2536 2395 2592 Pher-enices.
2431 2541 2549 2593 Plin
2575 2543 2705 2612 VII,
2734 2562 2787 2595 11
2809 2564 2825 2611 ς
2851 2549 2957 2600 AEl.

1934 2614 2012 2679 X,
2050 2636 2113 2681 2,
2151 2618 2371 2673 Pausan.
2404 2621 2458 2672 in
2493 2623 2685 2688 Eliac.;
2720 2627 2956 2680 AEschin.

1931 2696 2082 2765 epist.
2116 2702 2181 2761 4;
2206 2698 2418 2764 Pindar.
2452 2701 2670 2774 Olymp.
2704 2723 2757 2773 7.
2794 2707 2957 2777 Apud

1930 2773 2143 2829 Graecos
2163 2778 2372 2831 mulieri
2393 2799 2503 2834 non
2523 2782 2740 2847 licebat,
2770 2785 2875 2856 013
2884 2806 2956 2838 m-

1928 2855 2062 2925 picis
2100 2859 2474 2913 certaminibus
2521 2862 2806 2927 interesse,
2862 2868 2952 2919 ubi

1927 2936 2111 3005 positis
2121 2938 2350 2991 vestibus
2364 2941 2677 3013 plerumque
2686 2943 2950 3001 luderent.

2000 3016 2052 3068 5.
2082 3018 2284 3070 Euclea.
2317 3019 2467 3073 MSS.
2493 3022 2707 3085 Euclea,
2735 3026 2911 3078 Endea
2931 3068 2945 3089 ,

1927 3094 2096 3147 Endia
2116 3133 2132 3161 ,
2161 3098 2365 3149 Emolea
2389 3138 2406 3164 ‚
2436 3102 2661 3164 Erellea,
2690 3105 2915 3157 Eudeam
2932 3147 2948 3172 ,

1924 3175 2123 3228 Enclia.
2164 3177 2211 3227 A
2246 3177 2497 3233 Pausania
2532 3197 2749 3236 vocatur
2788 3186 2948 3239 Peisi-

1923 3254 2085 3313 rodos,
2124 3257 2206 3308 vel
2240 3259 2446 3328 potius,
2476 3261 2783 3326 Peisidoros;
2825 3266 2946 3319 vide

1922 3333 2107 3386 Kuhn.
2140 3333 2207 3387 ad
2239 3337 2432 3392 AElian.
2460 3341 2578 3394 loco
2602 3345 2783 3397 eitat0.

2004 3417 2056 3467 6.
2105 3412 2353 3469 Certamen
2403 3423 2679 3490 ingressum.
2721 3425 2943 3479 Veteres

1918 3492 2062 3558 libri,
2081 3497 2413 3563 ingressurum.
2428 3501 2600 3553 Multo
2619 3506 2941 3572 ‹torrectiu33

1915 3572 2063 3644 Pigh.
2093 3574 2342 3629 Certamen
2369 3581 2703 3649 ingressurum.
2732 3585 2824 3637 Sic
2849 3584 2940 3639 de-

1912 3671 2023 3705 nuo
2041 3653 2257 3725 Pighius
2270 3697 2285 3720 ‚
2301 3678 2467 3729 quum
2484 3674 2636 3716 antea
2651 3663 2941 3719 excudere·

1913 3745 2001 3785 tur
2038 3737 2314 3802 ingressum.
2349 3737 2453 3791 Sed
2478 3761 2561 3794 res
2594 3743 2704 3813 ipsa
2741 3757 2795 3797 et
2830 3746 2941 3800 fere

1911 3814 2149 3865 omnium
2176 3815 2323 3868 MSS.
2354 3832 2406 3871 et
2431 3819 2514 3874 ed.
2535 3822 2678 3893 Mog.
2703 3827 2934 3879 auctori·

1909 3904 1986 3945 tas
2008 3898 2324 3963 ingressurum
2354 3902 2598 3969 postulat.
2629 3903 2736 3955 Pro
2765 3905 2935 3964 Olrm-

2352 3978 2550 4050 aliquot
2621 3982 2928 4054 Olympiam.
