3143 5204
404 509 607 577 CAP.
665 508 848 591 vll,
894 510 1024 576 DE
1078 508 1493 575 TESTAM.
1554 511 2077 578 RESCISSIS.
2221 509 2302 581 51

204 655 325 725 rat,
345 643 563 709 virum
593 643 874 709 retinere
901 640 1125 707 vetuit.
1160 641 1226 707 Si
1256 641 1395 734 ipsa
1422 624 1689 733 aequitas
1718 642 1842 709 hac
1870 641 1950 710 de
1977 668 2048 711 re
2072 668 2316 737 cogno-

204 761 436 831 sceret,
466 762 773 841 possetne
809 746 1046 840 justius
1086 760 1201 814 aut
1241 746 1505 841 gravius
1543 748 2022 841 pronuntiare?
2055 751 2321 843 Spernis

203 879 353 947 quos
391 856 716 948 genuisti3
755 853 945 921 nubis
985 850 1242 937 effoeta3
1285 856 1654 922 testamenti
1690 854 1987 925 ordinem
2033 855 2322 926 violento

202 960 410 1030 animo
456 959 843 1045 confundis;
878 984 1091 1054 neque
1125 958 1457 1028 erubescis
1493 962 1552 1027 ei
1599 974 1808 1029 totum
1850 963 2320 1055 patrimonium

203 1065 499 1135 addicere
520 1117 539 1150 ,
578 1067 766 1160 cujus
793 1058 1142 1161 poilincto¹
1177 1066 1312 1159 jam
1344 1067 1609 1185 corpori
1636 1068 1994 1137 marcidam
2023 1085 2322 1139 senectu-

196 1186 321 1242 'tem
359 1189 552 1241 tuam
595 1174 1036 1258 substravisti;
1074 1197 1232 1267 ergo
1277 1172 1436 1240 dum
1473 1174 1564 1243 sic
1613 1187 1676 1241 te
1720 1175 1923 1268 geriS,
1958 1175 2041 1244 ad
2076 1175 2321 1245 inferos

204 1296 398 1373 usque
437 1277 681 1350 caelesti
725 1276 1037 1348 fulmine²
1083 1278 1302 1347 afflata
1342 1303 1428 1347 es,
1665 1324 1668 1327 η

301 1385 368 1458 5.
406 1387 698 1481 Egregia
727 1410 988 1480 quoque
1023 1387 1098 1455 C.
1134 1384 1474 1480 Calpurnii
1501 1385 1753 1457 Pisonis
1777 1374 2108 1522 praetoris³
2143 1389 2326 1458 urbis

203 1493 607 1562 constitutio·
591 1518 832 1586 ,quum
855 1494 1029 1560 enim
1044 1491 1125 1560 ad
1145 1516 1294 1561 eum
1316 1493 1660 1562 Terentius
1677 1517 1758 1562 ex
1780 1494 1958 1565 'octo
1976 1493 2145 1580 filiis,
2161 1520 2326 1589 quos

204 1600 266 1666 in
291 1596 802 1669 adolescentiam
833 1599 1262 1694 perduxerat,
1292 1598 1384 1667 ab
1421 1624 1555 1669 uno
1589 1605 1660 1668 in
1686 1599 2123 1696 adoptionem
2159 1602 2329 1671 dato

205 1706 685 1775 exheoedatum
721 1730 797 1774 se
831 1704 1164 1799 querelam
1196 1704 1562 1791 detulisset,
1591 1706 2331 1777 bonorumadolescen-

206 1813 282 1880 tis
298 1815 778 1907 possessionem
801 1814 858 1880 ei
889 1806 1099 1899 dedit,
1123 1810 1526 1908 heredesque
1550 1812 1694 1908 lege
1723 1822 1916 1908 agere
1943 1838 2172 1908 passus
2195 1840 2330 1884 non

206 1933 314 1987 est.
348 1919 571 1989 Movit
607 1916 907 2013 profecto
934 1920 1235 1988 Pisonem
1264 1921 1473 2014 patria
1501 1920 1840 2013 majestas,
1875 1920 2124 1990 donum
2155 1922 2331 2009 vitae,

209 2023 595 2095 beneficium
638 2025 1089 2095 educationis:
1139 2024 1252 2094 sed
1293 2025 1537 2120 aliquid
1582 2028 1777 2095 etiam
1822 2026 2001 2094 flexit
2043 2030 2332 2099 circum-

207 2134 512 2201 stantium
541 2131 901 2201 liberorum
926 2157 1238 2202 numerus
1256 2187 1274 2219 ,
1296 2132 1475 2226 quod
1505 2158 1659 2201 cum
1688 2119 1913 2226 patre⁵
1935 2148 2183 2228 septem
2205 2133 2334 2201 fra·

208 2252 335 2307 tres
366 2239 570 2335 impie
612 2238 1043 2308 exheredatos
1081 2238 1362 2308 videbat.

310 2343 377 2414 6.
420 2343 638 2434 Quid,
670 2347 991 2413 Mamerci
1033 2343 1269 2421 AEmilii
1304 2343 1534 2438 Lepidi
1577 2343 1861 2412 consulis
1898 2369 2094 2439 quam
2133 2343 2333 2441 grave

211 2437 584 2520 decretum⁶
596 2449 627 2519 'z‘
672 2453 1010 2521 Genucius
1053 2450 1355 2546 quidam,
1391 2450 1628 2555 Matris
1666 2450 1958 2549 magnae⁷
2002 2450 2250 2545 gallus,
2296 2478 2336 2520 a

212 2661 524 2735 adjutorium
564 2675 618 2715 et
642 2659 1072 2733 exstinguendam
1102 2661 1223 2714 libi·

213 2741 413 2796 dinem
396 2763 454 2795 ιιι
469 2743 717 2813 conjugio
729 2740 1013 2813 respexisse
1033 2743 1223 2793 Roma-

214 2823 265 2876 ni
288 2821 561 2878 videntur.
582 2822 689 2876 Pro
714 2822 1022 2874 creandorum
1042 2822 1224 2874 Vorst.

216 2904 414 2973 prasert
432 2902 807 2975 quoerendomm.
826 2902 1026 2955 Preter
1046 2919 1224 2953 noces·

216 2983 424 3036 nitatem.
471 2983 650 3036 Crem
691 2983 861 3034 liberos
886 3023 901 3043 ‚
946 2980 1016 3034 de
1058 2994 1226 3033 matre

1312 2659 1459 2713 MSS.
1475 2660 1724 2720 restituit,
1740 2663 2045 2732 probante,
2032 2675 2168 2715 mter
2182 2664 2330 2726 alios,

1311 2740 1659 2810 Schultingio.
1693 2740 1799 2792 Alii
1821 2742 2056 2810 pra-ficti.
2091 2775 2169 2785 —
2198 2744 2332 2797 Con-

1309 2825 1508 2873 stitutio.
1539 2821 1841 2873 Decretum.
1869 2824 1971 2875 An.
1995 2823 2064 2875 U.
2099 2826 2231 2877 682.

1392 2906 1450 2963 4.
1490 2901 1594 2953 Ex.
1617 2899 1828 2972 Lipsius
1853 2902 2055 2954 mavult
2075 2923 2210 2964 cunm
2239 2902 2332 2957 sed

1311 2980 1444 3033 male
1463 3015 1480 3042 ,
1500 2993 1561 3033 ιιι
1584 2997 1649 3032 ex
1675 2981 1781 3034 fine
1806 2981 1964 3052 hujus
1992 2984 2218 3054 exempli
2244 3003 2333 3056 ap-

217 3080 352 3134 oque
372 3061 481 3116 diei
498 3080 656 3134 quam
683 3060 752 3114 de
776 3072 925 3132 patre
949 3060 1134 3114 docuit
1157 3061 1223 3113 cl.
1310 3072 1475 3131 paret.
1520 3061 1607 3113 Ex
1632 3073 1740 3113 oceo
1772 3073 1884 3114 est:
1917 3061 1978 3111 ob
2010 3082 2103 3114 uno
2131 3084 2190 3114 ex
2224 3076 2331 3115 octo

219 3143 455 3196 Burman.
489 3140 559 3194 ad
588 3140 769 3194 Phaed.
802 3144 856 3208 I,
879 3145 933 3195 6.
1180 3163 1187 3172 ·
1296 3138 1440 3208 filiis.
1472 3171 1553 3182 -—
1580 3141 1735 3193 Dato.
1764 3140 1885 3194 Scil.
1918 3141 1975 3193 in
2001 3142 2221 3195 alienam
2254 3145 2331 3197 fa·

293 3242 342 3276 1.
382 3222 645 3275 pollincto.
678 3223 887 3293 Corpus
910 3221 1070 3273 morti
1095 3220 1225 3272 vici·
1309 3219 1545 3282 miliam;
1578 3239 1695 3291 quae
1725 3221 1861 3273 forte
1890 3221 1969 3273 illi
2010 3234 2120 3275 erat
2161 3223 2330 3293 rotie,

219 3321 337 3355 num
360 3316 413 3356 et
436 3302 721 3373 sepultum
743 3313 1002 3373 paratum.
1028 3302 1108 3353 De
1119 3299 1228 3371 pol-
1249 3344 1252 3347 .
1310 3298 1456 3370 quod
1471 3313 1676 3370 patrem
1694 3299 2051 3354 exheredaret.
2071 3302 2208 3355 Nam
2231 3324 2330 3356 no-

221 3382 484 3434 &actoribus
498 3380 607 3434 vid.
626 3401 783 3453 supra
794 3415 812 3443 ,
826 3393 880 3434 et
895 3379 1135 3434 Servium
1156 3377 1224 3432 ad

220 3462 294 3514 lx
307 3460 516 3515 AEneid.
533 3461 715 3514 Plures
736 3462 885 3514 MSS.
904 3461 1225 3531 habentpol-

222 3541 329 3594 luto.
350 3541 455 3595 sed
478 3541 629 3612 Pigh.
657 3541 889 3594 restituit
911 3541 1143 3611 pollincto
1161 3558 1225 3592 ex

223 3623 391 3676 Atreb.
408 3622 622 3675 Gembl.
648 3622 845 3674 Cauch.
869 3622 987 3674 col.
1019 3620 1225 3690 elegan-

224 3712 312 3753 ter.
347 3702 437 3754 Est
469 3701 649 3761 enim,
680 3702 959 3772 polliaco-e,
1008 3700 1223 3763 Plauto,

220 3780 426 3852 aliisque
435 3781 725 3838 veteribus,
742 3779 994 3834 cadavera
1010 3797 1223 3849 ungere.

224 3860 497 3912 Pollinctum
521 3862 681 3931 igitur
699 3880 867 3931 corpus
885 3859 1023 3913 senis
1048 3859 1225 3930 appel-

221 3938 289 3992 lat
315 3941 471 3993 morti
493 3953 547 3993 et
569 3959 698 4011 rogo
724 3941 972 3993 vicinum.

298 4040 349 4072 ι.
374 4021 605 4074 Fulmine.
642 4021 834 4072 Severo
859 4020 983 4072 Divi
1010 4019 1226 4090 Augusti

223 4096 432 4167 judicio.

305 4179 352 4231 3.
393 4181 636 4232 Praeton's.
678 4181 760 4232 Ita
798 4193 936 4233 recte
980 4179 1131 4249 Pigh.
1164 4199 1227 4232 ex

1311 3390 1424 3431 tum
1437 3391 1513 3432 est
1523 3417 1540 3442 ,
1555 3380 1598 3431 si
1613 3379 1708 3432 filii
1721 3381 1836 3433 sine
1847 3380 2025 3434 liberis
2043 3380 2301 3437 decedant
2310 3425 2328 3453 ,
2407 3423 2413 3431 .

1310 3459 1450 3511 bona
1469 3478 1655 3511 eorum
1674 3458 1741 3512 ad
1758 3472 2001 3532 parentes
2023 3465 2328 3532 pervenire,

1310 3551 1364 3591 et
1382 3539 1427 3591 si
1457 3551 1697 3610 parentes
1724 3559 1833 3592 non
1850 3540 2111 3605 habeant,
2134 3541 2200 3594 ad
2225 3545 2328 3597 fra-

1311 3631 1445 3684 trea,
1475 3631 1567 3671 aut
1609 3619 1738 3673 alios
1773 3618 1992 3673 heredes
2021 3623 2326 3746 proximos,

1310 3696 1471 3769 idque
1494 3699 1653 3751 etiam
1678 3701 1744 3751 ab
1774 3701 2035 3754 intestato.

1394 3779 1448 3833 5.
1485 3779 1635 3847 Quod
1668 3799 1772 3831 cum
1795 3792 1951 3849 patre.
1987 3782 2175 3852 Copes.
2205 3801 2329 3836 cum

1312 3872 1538 3929 quatuor
1563 3858 1679 3911 aliis
1707 3863 1791 3931 qui
1815 3880 1918 3912 ceam
1938 3873 2116 3931 patrm
2136 3862 2325 3935 Ultraj.

1311 3939 1468 4010 prim.
1498 3942 1610 4008 quia
1640 3959 1778 4002 σωκ,-
1803 3955 1903 3993 sec.
1934 3960 2066 4012 quos.

1395 4022 1450 4071 6.
1488 4021 1754 4071 Decretum.
1785 4022 1882 4072 An.
1916 4020 1985 4071 U.
2022 4024 2153 4090 676.

1397 4119 1446 4169 7.
1476 4099 1655 4151 Matris
1677 4119 1878 4168 magnae.
1902 4099 2073 4152 Mater
2090 4103 2330 4156 omnium

1314 4176 1536 4231 deorum
1550 4217 1568 4244 ,
1599 4180 1728 4232 olim
1756 4179 2030 4232 hominum
2051 4219 2067 4246 ,
2090 4195 2227 4236 terra
2249 4185 2331 4238 ni·

1879 4286 1970 4373 4.
