3143 5204
1114 485 1553 554 VALERII
1612 485 2019 552 ΜΑΧΙΜΙ
2075 487 2262 553 LIB.
2320 486 2453 553 IX.

723 617 950 713 pulsus
982 642 996 683 z
1038 641 1321 710 quorum
1359 616 1593 685 ictibus
1628 616 1967 685 hominum
2011 632 2262 686 mentes
2306 643 2638 687 concussae
2660 671 2677 704 ,
2716 644 2844 688 nec

723 748 839 791 sua
876 721 1161 817 pericula
1200 721 1584 817 respicere¹,
1620 748 1742 792 nec
1773 722 1980 791 aliena
2008 723 2181 792 facta
2210 725 2384 817 justa
2411 726 2839 795 aestimatione

720 830 1026 923 prosequi
1058 827 1297 897 valent.

737 510 874 582 172

834 984 892 1029 1.
928 961 1144 1048 Quam
1180 961 1355 1028 enim
1386 959 1669 1029 temere²
1701 986 1767 1029 se
1792 961 2138 1030 Africanus
2168 964 2484 1055 Superior
2507 986 2585 1029 ex
2610 963 2840 1055 Hispa·

719 1068 825 1134 nia
853 1066 1107 1135 duabus
1129 1067 1710 1160 quinqueremibus
1734 1066 1817 1136 ad
1834 1067 2199 1161 Syphacem
2228 1069 2515 1160 trajecit,
2546 1069 2612 1135 in
2642 1068 2839 1135 unius

717 1172 1022 1243 Numidae
1059 1170 1274 1241 infidis
1307 1172 1681 1267 praecordiis
1713 1197 1896 1242 suam
1929 1175 2174 1268 pariter
2207 1188 2274 1242 et
2304 1178 2529 1267 patriae
2559 1173 2834 1242 salutem

716 1273 1167 1372 depositurus!
1215 1282 1447 1373 Itaque
1496 1281 1732 1372 exiguo
1782 1296 2122 1348 momento
2163 1282 2462 1348 maximae
2512 1283 2602 1347 rei
2645 1303 2837 1346 casus

714 1384 1070 1453 fluctuatus
1112 1370 1272 1472 est³‚
1326 1400 1547 1454 utrum
1588 1385 1999 1473 interfector,
2051 1410 2134 1455 an
2176 1388 2471 1481 captivus
2513 1386 2834 1480 Scipionis

718 1490 985 1584 Syphax
1024 1489 1227 1559 fieret.

826 1649 889 1691 2.
943 1627 1089 1691 Jam
1142 1626 1220 1692 C.
1268 1612 1588 1693 Caesaris⁴
1641 1649 1884 1720 anceps
1940 1640 2251 1710 conatuS‚
2303 1627 2424 1694 etsi
2479 1623 2829 1693 caelestium

713 1754 869 1797 cura
910 1744 1245 1823 protectus
1286 1745 1422 1818 est,
1462 1732 1570 1798 vix
1615 1746 1834 1800 tamen
1879 1733 2014 1800 sine
2052 1732 2251 1798 animi
2293 1731 2568 1799 horrore
2603 1731 2830 1799 referri

712 1850 963 1930 potest3
999 1836 1320 1930 siquidem
1358 1838 1704 1931 impatiens
1740 1837 2069 1931 legionum
2107 1837 2408 1905 tardioris
2450 1862 2484 1904 a
2528 1837 2830 1906 Brundu-

710 1943 806 2010 sio
834 1941 1248 2036 Apolloniam
1286 1945 1634 2035 trajectus,
1668 1969 1785 2038 per
1822 1942 2301 2011 simulationem
2337 1944 2624 2013 adversae
2658 1943 2829 2012 vale-

711 2048 953 2118 tudinis
1010 2052 1313 2117 convivio
1372 2074 1719 2144 egressuS‚
1797 2051 2135 2143 majestate
2198 2075 2312 2118 sua
2374 2050 2591 2120 servili
2651 2065 2831 2119 veste
2886 2138 2894 2145 ι

705 2154 1078 2243 occultata,
1140 2142 1556 2226 naviculam⁵
1614 2156 2040 2240 conscendit,
2098 2170 2164 2224 et
2220 2182 2255 2223 e
2311 2157 2578 2225 flumine
2631 2158 2832 2225 maris

705 2260 1020 2332 Adriatici
1079 2288 1247 2331 saeva
1302 2277 1689 2356 tempestate
1743 2262 1966 2331 fauces
2009 2264 2231 2358 petiit3
2279 2266 2710 2357 protinusque
2761 2265 2829 2332 in

789 2493 838 2527 1.
893 2475 1156 2543 Respicere.
1195 2471 1259 2525 Id
1304 2485 1381 2526 est
1400 2511 1417 2537 ‚
1455 2473 1714 2524 rationem

701 2554 915 2607 habere.
944 2555 1161 2607 Terent.
1194 2553 1380 2605 Heaut.
1409 2553 1466 2614 1,
1509 2570 1530 2604 ῐ
1558 2589 1573 2606 .
1618 2555 1715 2616 18;

700 2635 734 2686 J
739 2635 896 2687 ustin.
926 2635 1032 2685 XII
1055 2673 1070 2700 ‚
1099 2637 1160 2698 8,
1194 2652 1242 2684 2.
1280 2629 1429 2701 Pigh.
1459 2645 1510 2682 et
1538 2632 1712 2684 Coler.

700 2714 926 2783 dispicere
941 2750 956 2774 ,
993 2711 1049 2763 id
1072 2726 1179 2775 est,
1208 2730 1304 2782 per
1334 2730 1515 2762 omnes
1542 2723 1715 2781 partes

698 2811 759 2845 ac
783 2810 1033 2843 numeros
1056 2789 1410 2845 considerare.
1435 2791 1518 2841 vel
1540 2803 1716 2843 mente

696 2870 998 2943 providere.
1024 2871 1128 2922 Alii
1156 2871 1405 2940 despicere.

785 2971 836 3003 ι.
882 2952 1087 3002 Temere.
1121 2951 1311 3002 Parum
1341 2950 1481 3001 enim
1507 2951 1710 3010 aberat,

698 3031 830 3103 quin
880 3033 945 3083 ab
993 3031 1233 3109 hostibus
1275 3029 1712 3100 interciperetur,

698 3110 950 3182 quoniam
976 3123 1028 3163 et
1066 3109 1362 3162 Hasdrubal
1383 3108 1568 3161 eodem
1588 3121 1714 3161 tem-

694 3210 827 3263 pore
868 3189 933 3243 ad
980 3191 1273 3262 Syphacem
1314 3208 1527 3241 cursum
1568 3190 1710 3243 fecit.

698 3270 802 3324 Sed
836 3270 1029 3341 Scipio‘
1047 3271 1196 3342 prior
1225 3269 1440 3321 intravit
1476 3271 1709 3340 portum.

699 3350 878 3420 Scipio
900 3363 1073 3403 tamen
1098 3363 1277 3422 postea
1300 3369 1406 3400 non
1432 3350 1532 3401 fuit
1553 3350 1711 3403 inter-

696 3436 863 3487 fector
882 3431 1136 3501 Syphacis
1150 3469 1166 3495 ‚
1184 3449 1341 3501 quem
1373 3431 1639 3500 captivum
1656 3429 1710 3482 in

694 3529 901 3568 carcere
938 3524 1205 3562 mortuum
1241 3511 1477 3562 scribunt
1510 3529 1708 3563 omnes.

693 3597 833 3648 Anu.
862 3593 932 3644 U.
961 3592 1091 3660 547.
1122 3591 1241 3643 Liv.
1272 3589 1541 3655 xxvm3
1573 3593 1710 3661 App.

694 3673 883 3744 Libye.

781 3754 836 3806 3.
866 3751 1147 3804 Flac-matus
1176 3762 1260 3801 est.
1292 3748 1505 3820 Pighius
1529 3748 1714 3799 maluit

694 3835 935 3888 fluctuavit
947 3850 967 3892 ‚·
979 3828 1068 3882 sed
1069 3831 1309 3901 fluctuari
1323 3827 1461 3900 apud
1480 3828 1710 3892 Livium,

697 3914 948 3967 Senecam
963 3923 1015 3963 et
1028 3909 1273 3966 Curtium
1288 3908 1614 3979 frequentius
1626 3926 1711 3959 oc-

697 3994 877 4046 currit.
922 3991 1036 4044 Hoc
1071 3990 1291 4042 verbum
1325 3989 1516 4040 Noster
1550 3989 1708 4039 etiam

696 4072 966 4143 usurpavit
1012 4089 1169 4142 supra
1211 4069 1323 4133 111,
1376 4087 1397 4120 1
1425 4105 1441 4132 ,
1481 4068 1534 4118 in
1583 4068 1704 4119 fine.

691 4185 774 4197 -—
806 4153 1111 4218 Interfector,
1142 4169 1205 4202 an
1234 4151 1445 4218 captivus
1474 4147 1709 4217 Scaejm'omk

1805 2473 2021 2542 Syphax.
2070 2474 2149 2524 Ita
2190 2472 2482 2523 Torrenius
2524 2473 2788 2544 rescripsit
2812 2514 2828 2536 ‚

1806 2552 2153 2622 probantibus
2167 2551 2443 2604 Gronovio
2456 2565 2506 2604 et
2523 2552 2828 2618 Perizoni03

1806 2650 1926 2683 nam
1953 2632 2157 2702 vulgata
2181 2633 2336 2684 lectio
2359 2646 2455 2696 est,
2471 2635 2743 2699 interfector
2761 2655 2828 2683 an

1805 2715 2015 2780 captivus
2047 2712 2209 2780 Scipio
2239 2712 2487 2784 Syphacis.
2525 2713 2743 2783 Pighius
2772 2727 2826 2766 et

1806 2790 1978 2843 Coler.
2013 2796 2224 2860 captivus
2251 2813 2314 2842 απ
2345 2795 2503 2843 viceor
2529 2791 2690 2863 Sce'pio
2728 2793 2824 2864 Sy-

1797 2870 1981 2939 plcacis.
2026 2872 2276 2923 Torrenii
2313 2872 2469 2923 lectio
2506 2873 2721 2942 propius
2756 2871 2823 2924 ad

1803 2949 1965 3002 libros
2000 2949 2232 3016 accedit,
2271 2964 2427 3022 atque
2455 2970 2576 3003 cum
2603 2952 2822 3004 historia

1801 3031 2079 3083 consentit.

1885 3116 1936 3172 4.
1971 3110 2194 3163 Coesaris.
2224 3113 2324 3162 An.
2353 3111 2420 3162 U.
2449 3110 2580 3179 705.
2614 3110 2821 3163 Plutar-

1800 3189 1931 3242 chus
1957 3190 2012 3241 in
2045 3191 2188 3254 vita3
2222 3191 2442 3260 Dionys.
2471 3190 2619 3241 XLI.

1885 3270 1935 3322 5.
1980 3269 2280 3323 Naviculam.
2318 3269 2574 3341 Scapham
2599 3270 2705 3322 XII
2734 3290 2816 3323 re-

1800 3368 2010 3403 morum
2044 3351 2288 3421 pauperis
2319 3347 2589 3420 cujusdam
2625 3352 2818 3420 guber—

1800 3431 1998 3482 natoris
2046 3431 2292 3501 Amycle.
2324 3461 2404 3470 —-
2446 3430 2519 3481 Ee
2556 3451 2582 3480 e
2595 3431 2818 3500 flumin.

1800 3510 1879 3562 Ita
1906 3510 2121 3580 Pighius
2144 3528 2206 3561 ex
2239 3509 2412 3562 Pulm.
2442 3522 2494 3561 et
2522 3509 2639 3563 Sus.
2666 3529 2820 3581 repo·

1800 3591 1934 3653 suit;
1969 3607 2091 3641 nam
2132 3589 2425 3659 Apolloniae
2463 3609 2649 3642 navem
2687 3609 2817 3643 con-

1798 3668 2001 3721 scendit
2014 3707 2030 3732 ‚
2049 3681 2102 3721 et
2119 3666 2352 3720 secundo
2381 3667 2598 3722 flumine
2625 3670 2682 3722 in
2703 3690 2816 3726 ma-

1799 3768 1858 3801 re
1891 3748 2216 3802 Adriaticum
2265 3747 2598 3819 adversisque
2646 3751 2817 3803 ventis

1799 3827 2158 3881 Brundusium
2179 3826 2438 3880 tendebat.
2463 3829 2614 3881 MSS.
2642 3842 2818 3884 tamen

1799 3908 2043 3960 Torrenii
2054 3926 2177 3960 cum
2189 3920 2313 3961 vett.
2336 3906 2456 3961 edd.
2473 3931 2500 3960 e
2496 3911 2720 3979 fhtmine,
2739 3931 2814 3963 ac.

1795 4020 1875 4029 —
1897 3989 2098 4040 Fauces.
2135 3989 2409 4058 Angustias
2440 4003 2491 4041 et
2520 3990 2681 4054 ostia,
2700 3990 2816 4060 qui-

1794 4068 1892 4120 bus
1940 4067 2134 4120 fluvius
2182 4069 2237 4120 in
2293 4067 2621 4123 Adriaticum
2671 4088 2815 4124 mare

1794 4145 2081 4212 descendit.
