3143 5204
789 497 933 578 204
1160 490 1611 559 VALERII
1668 490 2082 557 MAXIMI
2140 491 2330 559 LIB.
2389 492 2520 559 IX.

787 643 1085 721 tempore
1127 624 1513 693 sanctissimi
1552 636 1823 717 penates
1843 676 1862 707 ,
1909 635 1978 690 et
2021 624 2163 690 veri
2205 625 2541 717 sanguinis
2590 630 2906 695 memoria

787 731 1254 827 spoliarentur,
1305 744 1374 799 et
1424 727 1571 797 falsi
1625 727 1889 797 sordida
1938 730 2331 823 contagione
2371 731 2910 824 inquinarentur3

787 839 903 908 sed
960 838 1119 908 dum
1153 835 1363 931 plenis
1406 833 1830 930 impudentiae
1865 832 2025 903 velis
2045 887 2065 921 ,
2112 835 2196 903 ad
2245 860 2577 904 summum
2622 838 2911 907 audaciae

789 944 1065 1040 gradum
1102 943 1342 1029 fertur,
1378 943 1656 1036 imperio
1691 942 2008 1034 Augusti,
2044 965 2228 1010 remo
2248 941 2265 965 ¹
2304 940 2585 1036 publicae
2626 945 2913 1013 triremis

788 1051 1044 1120 affixus.

897 1187 964 1268 4.
996 1185 1324 1277 Repertus
1353 1196 1452 1250 est
1477 1182 1673 1249 etiam
1697 1234 1716 1267 ,
1759 1182 1872 1274 qui
1916 1205 1985 1248 se
2021 1180 2266 1248 diceret
2309 1206 2449 1250 esse
2490 1182 2576 1270 Q.
2607 1181 2912 1250 Sertorii²

791 1289 1042 1358 filium:
1076 1312 1272 1382 quem
1312 1303 1387 1357 ut
1421 1301 1809 1382 agnosceret
1845 1311 2014 1355 uxor
2056 1287 2237 1381 ejuS,
2282 1286 2459 1356 nulla
2503 1289 2568 1355 vi
2612 1287 2917 1383 compelli

793 1409 1031 1490 potuit.

904 1524 966 1597 5.
1009 1526 1188 1616 Quid
1224 1525 1585 1595 Trebellius
1628 1525 1872 1595 Calca?
1910 1551 2106 1620 quam
2153 1540 2605 1595 asseveranter
2648 1552 2716 1596 se
2756 1526 2918 1596 Clo-

793 1635 975 1704 dium
1017 1630 1194 1703 tulit!
1248 1648 1314 1701 et
1358 1632 1659 1762 quidem³
1672 1631 1832 1701 dum
1886 1633 1967 1701 de
2019 1634 2208 1702 bonis
2250 1633 2390 1726 ejus
2435 1634 2814 1721 contendit,
2855 1636 2921 1702 in

797 1739 1269 1811 centumvirale
1292 1723 1659 1832 judicium³
1691 1740 1856 1808 adeo
1888 1738 2267 1808 favorabilis
2298 1739 2672 1827 descendit,
2708 1755 2784 1808 ut
2813 1742 2923 1808 vix

792 1848 985 1941 justis
1020 1861 1086 1915 et
1121 1848 1323 1940 aequis
1360 1832 1728 1915 sententiis⁴
1757 1848 2203 1915 consternatio
2226 1845 2454 1941 populi
2487 1844 2695 1914 ullum
2728 1844 2922 1915 relin-

799 1968 1033 2073 queret
1058 1953 1313 2023 locum.
1348 1954 1416 2020 in
1443 1951 1551 2020 illa
1578 1967 1798 2020 tamen
1825 1953 2187 2046 quaestione
2209 1977 2422 2046 neque
2449 1952 2796 2020 calumniae
2825 1978 2928 2047 pe-
2991 1946 2996 1950 ⁴

799 2061 1040 2146 titoris,
1069 2083 1282 2154 neque
1304 2057 1630 2129 violentiae
1656 2057 1865 2153 plebis
1888 2058 2328 2151 judicantium
2358 2044 2630 2152 religio⁵
2657 2060 2870 2128 cessit.

907 2191 975 2262 6.
1007 2192 1226 2262 Multo
1248 2192 1481 2261 fortius
1503 2190 1788 2284 ille,qu1
1771 2189 2118 2261 Cornelio
2140 2189 2319 2260 Sulla
2348 2215 2569 2260 rerum
2599 2192 2927 2286 potiente,

801 2302 867 2367 in
890 2299 1163 2368 domum
1188 2301 1310 2368 Cn.
1335 2283 1574 2367 Asinii⁶
1599 2299 1833 2368 Dionis
1861 2300 2130 2392 irrupit,
2157 2295 2498 2391 filiumque
2529 2298 2672 2390 ejus
2701 2300 2928 2392 patriis

801 2407 1147 2500 penatibus
1187 2403 1471 2501 expulit,
1508 2404 1969 2486 vociferandO,
2004 2428 2142 2473 non
2185 2406 2409 2489 zllzmz,
2455 2403 2586 2472 sed
2602 2428 2677 2472 se
2704 2407 2931 2474 Dione

799 2538 947 2581 esse
981 2529 1423 2610 procreatum
1440 2538 1465 2596 ‚·
1520 2535 1752 2579 verum
1807 2524 2155 2606 postquam
2211 2534 2250 2577 a
2301 2508 2569 2579 Sullana
2621 2510 2933 2580 violentia

802 2622 1174 2689 Caesariana
1218 2620 1486 2714 aequitas
1535 2618 1794 2686 reduxit
1844 2616 2294 2712 gubernacula
2339 2619 2596 2686 romani
2634 2620 2933 2712 imperii,

796 2727 1071 2817 justiore
1108 2727 1405 2820 principe
1441 2722 1953 2819 rempublicam⁷
1996 2724 2371 2813 obtinente,
2413 2726 2481 2792 in
2516 2722 2786 2819 publica
2820 2750 2930 2793 cu-

806 2831 1015 2900 stodia
1052 2831 1356 2925 spiritum
1391 2832 1638 2925 posuit.

893 3063 913 3095 ι
926 3083 940 3096 .
964 3045 1126 3096 Remo.
1145 3044 1178 3095 J
1182 3062 1267 3096 am
1283 3044 1644 3097 inter-Veteres
1663 3045 1827 3096 moris
1998 3043 2050 3097 5.
2075 3043 2281 3114 Religio.
2296 3045 2331 3096 J
2333 3056 2448 3096 usta
2471 3043 2771 3097 observatio
2788 3043 2936 3115 juris-

805 3136 917 3176 erat
935 3162 949 3185 ,
976 3123 1301 3194 perniciosos
1324 3136 1377 3177 et
1395 3122 1631 3195 perditos
1655 3122 1723 3178 ad
1747 3143 1829 3176 re-
1911 3121 2126 3194 jurandi
2147 3141 2208 3174 ex
2227 3123 2501 3194 religione.

806 3203 1020 3273 migium
1044 3201 1312 3257 damnare.
1998 3206 2051 3255 6.
2064 3203 2232 3255 Asinii
2244 3203 2536 3256 Dionis.Sic
2546 3203 2767 3273 Pighius
2782 3221 2936 3273 quem

892 3302 941 3336 2.
984 3283 1201 3336 Sertorii.
1242 3284 1349 3349 Qui
1385 3284 1578 3336 Nursia
1606 3284 1828 3336 Sabino·
1915 3281 2004 3334 alii
2028 3283 2237 3352 sequuti
2256 3295 2395 3335 sunt.
2412 3284 2557 3335 Olim
2571 3282 2832 3335 edebatur
2847 3283 2935 3336 Ca.

807 3381 927 3414 rum
952 3365 1086 3416 urbe
1111 3362 1371 3416 oriundus
1393 3402 1408 3424 ,
1452 3382 1561 3416 non
1600 3364 1827 3416 obscuro
1918 3363 2209 3415 Assidionis.
2240 3361 2389 3415 MSS.
2420 3364 2646 3416 variant.

807 3462 997 3513 genere
1027 3456 1179 3496 natus
1192 3481 1208 3507 ,
1226 3456 1406 3497 orator
1425 3443 1575 3514 prius
1591 3482 1606 3510 ,
1635 3440 1829 3496 deinde
1999 3462 2054 3513 7.
2078 3442 2446 3512 Rempublicam.
2477 3442 2836 3512 Rempublicm
2855 3442 2942 3493 ali-

804 3523 1124 3576 clarissimus
1148 3524 1436 3595 imperator
1458 3537 1700 3593 tempore
1725 3522 1828 3576 civ.
1918 3523 2009 3594 qui
2038 3521 2328 3575 extrudunt
2344 3561 2360 3585 ‚
2392 3535 2445 3575 et
2470 3521 2752 3575 commode
2779 3521 2942 3592 possit

807 3603 1069 3655 bellorum
1098 3603 1215 3655 fuit.
1920 3603 2113 3655 abesse.
2142 3603 2206 3653 In
2227 3603 2408 3654 multis
2427 3620 2643 3673 quoque
2665 3600 2936 3654 codicibus

892 3684 944 3734 3.
962 3684 1222 3736 Iudicium.
1243 3681 1385 3735 Vide
1406 3700 1564 3753 supra
1592 3679 1659 3733 de
1682 3680 1827 3753 judi·
1920 3700 2029 3735 non
2058 3694 2256 3747 exstat3
2284 3681 2378 3734 sed
2408 3695 2536 3735 tunc
2563 3681 2850 3751 legendum
2871 3700 2940 3732 re-

806 3762 930 3827 ciis,
955 3775 1008 3815 et
1031 3762 1178 3815 hasta
1197 3762 1585 3816 centumvirali.
1917 3764 2045 3814 luxit
2065 3780 2163 3833 pro
2187 3761 2401 3822 reduxit,
2436 3762 2540 3814 hoc
2568 3760 2732 3813 modo
2758 3779 2771 3813 :
2804 3761 2940 3812 «Ve-

900 3857 953 3905 4.
1004 3842 1276 3895 Sententiis.
1319 3843 1395 3895 Ut
1442 3842 1529 3894 vix
1570 3841 1825 3912 permise-
1920 3860 2039 3894 rum
2071 3854 2351 3913 postquam
2390 3861 2422 3893 a
2451 3842 2662 3894 Sullana
2695 3841 2941 3893 violentia

806 3921 907 3986 rit,
936 3935 1124 3974 contra
1153 3941 1304 3988 eum,
1345 3934 1404 3973 ut
1439 3924 1640 3991 justum
1680 3935 1792 3974 erat
1814 3955 1830 3982 ‚
1923 3922 2215 3975 Caesariana
2243 3923 2457 3991 aequitas
2485 3921 2711 3978 reluxit,
2752 3922 2939 3990 guber·

807 4002 1120 4054 sententiam
1141 4002 1282 4056 ferri.
1307 4002 1461 4053 Plebs
1487 4001 1630 4053 velut
1655 4021 1833 4054 amens
1921 3999 2944 4072 naculaRomaniimperiijustioreprin·

811 4082 867 4132 in
899 4082 1151 4135 Trebellii
1187 4083 1422 4135 favorem
1457 4081 1719 4134 concitata
1753 4082 1834 4134 vi·
1922 4082 2041 4152 cipe
2085 4082 2374 4133 obtinente.
2400 4108 2423 4127 ι
2471 4082 2605 4145 Quae
2652 4081 2823 4132 forma
2868 4079 2944 4130 lo-

811 4159 1053 4216 debatur.
1924 4158 2123 4232 quendi
2156 4179 2185 4212 a
2217 4161 2433 4213 Valerio
2476 4179 2586 4213 non
2628 4160 2800 4213 aliena
2843 4171 2945 4220 est,
