3143 5204
838 486 978 557 130
1142 486 1586 553 VALERII
1644 486 2051 553 MAlel
2112 485 2299 553 LIB.
2370 487 2597 554 VIII.

824 617 1442 714 transgrediamur'.
1468 615 1893 712 Pythagor&
1927 631 2108 685 tanta
2146 618 2491 686 veneratio
2518 619 2603 686 ab
2638 618 2951 687 auditori·

824 728 948 797 bus
991 727 1234 795 tributa
1278 740 1404 811 est,
1443 740 1551 809 ut,
1581 748 1727 818 quae
1763 723 1848 791 ab
1884 748 1965 792 eo
1998 739 2420 819 acceperant,
2466 727 2531 792 in
2563 725 2951 820 disputatio·

820 859 971 905 nem
1008 833 1335 903 deducere
1371 831 1553 901 nefas
1589 832 2078 915 existimarent3
2125 832 2282 925 quin
2320 834 2515 900 etiam
2553 831 2948 963 interpellati

821 941 906 1010 ad
945 939 1345 1010 reddendam
1379 962 1685 1024 causam,
1731 937 1859 1006 hoc
1897 936 2108 1006 solum
2153 923 2697 1068 respondebant,
2732 945 2952 1034 ipsum

818 1034 1113 1117 delus-53⁴
1126 1074 1151 1131 ‚·
1192 1071 1475 1173 magnus
1517 1045 1766 1127 honos;
1805 1043 1919 1113 sed
1955 1042 2179 1113 schola
2222 1059 2452 1114 tenus:
2501 1032 2642 1114 illa⁵
2682 1047 2948 1115 urbium

820 1150 1151 1248 suffragiis
1192 1136 1475 1222 tributa⁶
1480 1204 1494 1218 .
1553 1153 1768 1220 Enixo
1814 1152 2215 1221 Crotoniatae
2277 1152 2496 1221 studio
2549 1153 2635 1222 ab
2696 1177 2805 1223 eo
2837 1177 2949 1248 pe·

816 1262 1097 1345 tierunt,
1152 1277 1230 1329 ιιι
1278 1274 1587 1328 senatum
1630 1264 1963 1354 ipsorum,
2015 1260 2130 1352 qui
2190 1257 2363 1327 mille
2412 1259 2757 1403 lrominum
2810 1282 2948 1329 nu-

815 1392 1000 1436 mero
1035 1367 1413 1454 constabat,
1447 1368 1747 1435 consilin-
1776 1369 1917 1434 suis
1947 1372 2051 1434 un
2065 1364 2505 1494 pateretufl,
2494 1363 2952 1471 ·opulentisei-

814 1498 1051 1567 maque
1107 1475 1335 1543 civitas
1400 1487 1534 1541 tam
1604 1471 1981 1565 frequenter
2045 1459 2377 1540 venerati⁸
2442 1486 2596 1565 post
2660 1486 2946 1545 mortem

815 1579 1127 1667 domum,
1179 1582 1439 1649 Cereris
1482 1581 1836 1648 sacrarium
1884 1577 2097 1665 fecit⁹;
2145 1592 2595 1672 quantumque
2637 1576 2743 1649 illa
2787 1579 2948 1649 urbs

897 1784 938 1817 1.
978 1764 1068 1816 Ad
1106 1785 1159 1814 ea
1207 1764 1625 1832 transgrediamur.
1676 1761 1826 1814 MSS.

807 1844 989 1898 deceni
1005 1862 1126 1896 cum
1141 1842 1239 1896 Ed.
1253 1843 1396 1913 Mog.
1411 1841 1824 1911 transgrediemur.

806 1923 1012 1977 Deinde
1042 1924 1205 1977 Paris.
1242 1936 1361 1975 tert.
1398 1921 1549 1976 Leid.
1580 1923 1749 1993 quint.
1776 1934 1837 1979 et.

807 2005 942 2076 Cop.
996 2005 1067 2055 ad
1106 2003 1392 2055 reddendum
1437 2021 1664 2053 caussam.
1723 2001 1824 2053 Bit.

741 2118 746 2123 »
801 2084 960 2158 prim.
987 2086 1089 2136 hoec
1112 2085 1232 2137 sola.

888 2185 940 2217 2.
968 2166 1282 2238 Pythagor-ce.
1309 2161 1450 2215 Vide
1471 2162 1741 2216 Laertium
1768 2162 1823 2212 in

801 2249 937 2309 vita3
956 2246 988 2297 J
992 2245 1150 2297 ustin.
1173 2245 1269 2296 lib.
1283 2242 1404 2306 XX,
1418 2261 1534 2312 cap.
1563 2248 1594 2304 4
1613 2262 1628 2307 ;
1653 2241 1825 2308 Quin·

804 2326 1041 2380 tilianam
1059 2364 1074 2389 ,
1103 2326 1212 2389 xl;
1250 2323 1515 2376 AElianum
1541 2360 1556 2386 ,
1590 2323 1682 2374 lib.
1715 2323 1790 2372 IV
1809 2361 1822 2385 ‚

802 2425 858 2459 ca
881 2425 917 2458 2.
955 2425 976 2459 1
1030 2446 1042 2457 .

865 2425 935 2538 ¹3.
965 2425 1077 2537 ἧσε
1103 2484 1258 2535 solum
1276 2482 1647 2553 respondebam,
1678 2483 1821 2541 αὐτὸς

799 2571 909 2637 ἔφη.
937 2563 1285 2635 Manuscripti
1316 2563 1437 2616 libri
1473 2579 1637 2633 graeca
1665 2562 1822 2614 verba

801 2666 911 2699 non
930 2646 1155 2711 habent,
1177 2642 1269 2696 sed
1287 2643 1447 2695 latine
1471 2640 1705 2713 produnt
1725 2642 1794 2693 ita
1809 2681 1822 2704 ‚

800 2727 913 2777 Hoc
921 2726 1070 2776 solum
1084 2723 1439 2794 respondebant,
1453 2722 1613 2791 Ipsum
1627 2720 1820 2773 dixisse.

1998 1780 2049 1831 7.
2086 1763 2355 1813 Patet-etur.
2389 1762 2508 1832 Ipse
2546 1763 2809 1833 rempubl.
2853 1763 2946 1815 ad·

1915 1841 2210 1893 ministrare
2225 1842 2415 1907 noluit,
2430 1853 2484 1894 et
2495 1841 2736 1896 hortatus
2754 1856 2831 1895 est
2842 1842 2945 1896 dis-

1914 1921 2117 1991 cipulos
2132 1957 2150 1985 ‚
2170 1934 2231 1973 ut
2254 1939 2282 1973 a
2302 1922 2433 1974 fabis
2451 1922 2792 1975 abstinerent.
2811 1922 2940 1976 Vid.

1914 1996 2054 2053 Plut.
2086 2002 2196 2070 περὶ
2219 1997 2368 2054 παιὸ.
2393 2002 2477 2071 ἀγ.
2503 2021 2549 2054 c.
2590 2022 2677 2072 ¹7·

1997 2082 2048 2132 8.
2074 2080 2130 2131 V
2123 2084 2318 2134 enei-ati.
2341 2083 2404 2133 In
2427 2080 2808 2152 significatione
2828 2102 2945 2152 pas·

1913 2178 2038 2211 siva.

1995 2260 2048 2307 9.
2073 2242 2199 2292 Post
2212 2253 2404 2293 mortem
2427 2241 2616 2293 domum
2634 2245 2735 2312 ejus
2755 2242 2941 2295 Cen-m

1911 2324 2171 2371 sacrarium
2195 2324 2447 2389 secer-unu
2479 2341 2679 2393 namque
2706 2323 2797 2373 illa
2828 2324 2939 2374 urbs

1911 2403 2088 2469 viguit.
2128 2407 2193 2458 In
2223 2401 2557 2454 Atrebatensi
2592 2414 2644 2453 et
2670 2401 2940 2456 Winche·

1910 2479 2052 2531 liano
2068 2518 2086 2545 ‚
2113 2480 2331 2551 aliisque
2345 2519 2362 2545 ,
2386 2482 2510 2532 Post
2534 2493 2729 2533 mortem
2750 2482 2941 2534 domum

1914 2557 2100 2612 Cereris
2142 2564 2401 2613 sacrarium
2431 2562 2555 2631 secie
2567 2600 2582 2623 ‚
2620 2575 2941 2636 quantumque

1910 2641 1997 2691 illa
2021 2642 2132 2692 urbs
2145 2645 2305 2710 ‘vt'guie
2318 2662 2338 2703 ‚·
2366 2640 2517 2712 Pigh.
2544 2642 2941 2712 Opulentissima·

1910 2740 1998 2792 que
2044 2723 2211 2774 civitas
2264 2734 2361 2772 tam
2396 2723 2677 2794 frequenter
2722 2730 2942 2775 muer-ati

798 2807 875 2857 Ea
902 2805 1058 2857 verba
1089 2803 1388 2873 graecissans
1416 2801 1608 2853 sciolus
1630 2801 1821 2852 immu-
1900 2812 2016 2870 post
2040 2813 2232 2852 mortem
2255 2802 2441 2852 domum
2467 2802 2654 2854 Cereris
2674 2808 2938 2855 sacrarium

797 2898 910 2937 tare
930 2882 1115 2936 voluit.
1138 2881 1329 2934 PIGH.
1358 2882 1500 2941 αὐτὸς
1527 2882 1622 2950 ἔφα
1640 2881 1823 2933 scribit
1898 2881 2037 2945 ficit.
2080 2880 2167 2933 Sic
2204 2881 2421 2951 Pighius
2458 2879 2627 2934 edidit
2676 2901 2741 2934 ex
2782 2883 2934 2936 MSS.

799 2965 1059 3034 interpres
1098 2961 1367 3032 Aristoph.
1411 2961 1611 3013 Nubib.
1651 2960 1819 3012 COR-

797 3044 961 3098 RAD.
1013 3042 1201 3095 Latine
1238 3052 1443 3093 exstant
1489 3041 1602 3093 haec
1662 3041 1821 3092 verba

799 3129 948 3195 ipsum
972 3123 1149 3173 dixisse
1174 3121 1331 3174 etiam
1356 3120 1410 3171 in
1430 3118 1578 3172 MSS.
1599 3120 1817 3186 nostris,

798 3202 897 3258 Ed.
928 3203 1074 3272 Mog.
1104 3201 1240 3253 Veu.
1271 3212 1323 3253 et
1356 3197 1574 3261 Mediol.
1605 3198 1694 3251 sed
1730 3200 1817 3251 Al-

799 3283 926 3351 dus,
949 3284 1162 3334 Ascens.
1189 3294 1243 3333 et
1264 3279 1458 3350 reliqui
1485 3281 1632 3339 αὐτὸς
1660 3281 1765 3347 ἔφη.

881 3371 933 3428 4.
962 3363 1176 3414 Dixisse.
1205 3358 1332 3413 vid.
1360 3359 1471 3412 Cic.
1496 3357 1565 3411 de
1588 3359 1653 3411 N.
1672 3361 1738 3411 D.
1768 3377 1815 3411 1.

884 3444 913 3497 5
923 3484 935 3497 .
953 3442 1165 3511 Magnus
1179 3441 1324 3492 honos
1335 3461 1355 3502 ‚·
1368 3440 1455 3490 sed
1474 3439 1635 3490 schola
1657 3450 1787 3489 tenus
1798 3458 1819 3488 .·

798 3525 902 3578 illa.
949 3518 1168 3575 Mediol.
1213 3520 1427 3590 Magnus
1469 3521 1616 3570 honos
1656 3519 1817 3569 schola

800 3618 956 3665 tenus,
983 3601 1072 3652 sed
1095 3601 1198 3651 illa.
1241 3600 1457 3652 Praestat
1484 3599 1735 3660 alterum,
1765 3609 1820 3650 et

796 3687 953 3756 longe
970 3678 1184 3753 quidem
1196 3717 1212 3745 ‚
1235 3679 1474 3732 firmatur
1495 3677 1653 3730 etiam
1667 3676 1814 3730 MSS.

794 3762 1121 3819 auctoritate.

879 3849 932 3897 6.
944 3840 1210 3910 Suffmga'is
1227 3838 1403 3889 tributa
1415 3849 1503 3890 est.
1517 3835 1667 3889 MSS.
1687 3834 1817 3889 duo·

795 3924 967 3980 decim
990 3941 1111 3976 cum
1137 3917 1259 3972 edd.
1278 3919 1423 3989 Mog.
1438 3919 1579 3970 Ven.
1593 3915 1809 3969 Mediol.

796 4006 1007 4057 Ascens.
1026 3998 1311 4054 delendum
1334 3999 1553 4052 verbum
1574 3998 1812 4049 substan-

799 4085 983 4147 tivum,
1013 4080 1157 4153 quod
1188 4081 1390 4150 primus
1420 4075 1695 4131 addiderat
1722 4078 1811 4128 ΑΙ-

795 4163 893 4216 dus
904 4203 918 4227 ‚
945 4162 1246 4215 admonent.

1908 2958 2072 3012 Aldus
2109 2959 2365 3026 ediderat,
2401 2962 2521 3012 Tam
2537 2963 2814 3032 frequenter
2846 2984 2936 3014 ve·

1908 3044 2065 3090 ner-ati
2079 3051 2195 3108 post
2214 3053 2405 3093 mortem
2435 3041 2623 3093 domm
2652 3043 2754 3112 ejus
2788 3042 2934 3096 Cem-

1909 3122 1974 3169 ris
1999 3123 2259 3170 sacrarium
2273 3123 2514 3187 ficerunt.
2543 3121 2786 3174 Verbum
2812 3124 2934 3193 plu-

1903 3198 2027 3251 ralis
2045 3217 2191 3251 num.
2211 3200 2505 3271 profectum
2527 3199 2739 3262 videtur
2756 3202 2825 3254 ab
2840 3203 2932 3264 iis,

1904 3278 1998 3348 qui
2020 3289 2269 3349 putarent
2295 3283 2514 3331 wnemec‘
2533 3278 2720 3332 itidem
2751 3282 2959 3351 plura--

1904 3358 1968 3409 lis
1999 3375 2148 3411 num.
2180 3378 2306 3412 esse.
2338 3357 2508 3413 Iidem
2541 3372 2593 3412 et
2630 3378 2930 3430 pronomen
2975 3421 2987 3431 ⁸

1904 3440 2004 3506 ejus
2039 3437 2362 3509 adjecerunt.
2398 3440 2445 3490 A
2474 3437 2629 3492 codd.
2663 3441 2928 3496 andeb.

1904 3519 2004 3586 ejus
2023 3516 2210 3571 itidem
2232 3520 2391 3572 abest.
2424 3526 2493 3572 At
2517 3520 2622 3572 hoe
2645 3520 2929 3592 repudiato

1904 3597 2026 3650 satis
2044 3610 2259 3669 apparet
2273 3637 2289 3664 ‚
2308 3603 2525 3651 venerati
2540 3617 2687 3652 msus
2707 3601 2926 3654 secundi

1903 3676 2179 3748 singularis
2208 3680 2414 3731 numeri
2439 3698 2578 3742 esse,
2610 3693 2668 3732 ut
2692 3683 2927 3735 referen-

1904 3754 2033 3809 dum
2056 3758 2124 3809 sit
2140 3756 2207 3810 ad
2232 3758 2602 3829 Pythagoram.
2629 3759 2820 3831 Neque
2832 3781 2926 3814 no·

1903 3856 2029 3889 vum
2062 3850 2141 3890 est
2174 3837 2357 3890 talium
2392 3840 2677 3891 verborum
2709 3843 2927 3910 partici-

1902 3918 1989 3988 pia
2012 3916 2262 3989 temporis
2282 3917 2536 3989 preteriti
2548 3958 2563 3984 ,
2581 3919 2924 3990 significatio·

1900 4016 2020 4049 nem
2050 3996 2306 4067 passivam
2335 3999 2558 4064 babere3
2586 4001 2767 4053 Vont.
2800 4004 2925 4071 Ejus

1900 4089 2206 4148 expungunt
2231 4078 2383 4131 MSS.
2417 4077 2510 4131 sed
2531 4081 2757 4146 fecerum
2793 4101 2922 4134 con·

1900 4169 2095 4209 stanter
2115 4157 2371 4221 retinent,
2396 4171 2586 4229 praeter
2608 4162 2798 4231 Copes.
2823 4181 2922 4230 pro
