3143 5204
779 465 865 546 ¹4
1135 460 1577 529 VALERII
1635 460 2042 527 ΜΑΧΙΜΙ
2099 460 2289 527 LIB.
2346 460 2524 528 vll.

765 591 1075 689 pulisses?
1115 618 1155 661 a
1196 593 1471 661 caritate
1515 590 1691 660 istud
1730 588 2125 684 praestatur-¹.
2151 618 2185 653 ι)
2228 593 2318 659 At
2351 615 2512 660 vero
2552 606 2707 660 ante
2740 592 2894 661 Phi-

764 700 983 795 lippus
1022 699 1271 792 majore
1304 723 1386 767 ex
1422 711 1612 793 parte
1643 712 1977 766 mercator
2015 698 2333 785 Graeciae,
2367 722 2567 792 quam
2604 699 2839 769 victor.

884 855 909 900 1
937 856 991 900 1.
1047 828 1430 900 Aristoteles
1483 842 1704 897 autem
1763 827 2231 898 Callisthenem
2281 827 2654 901 auditorem
2700 856 2896 899 suum

767 937 852 1006 ad
895 936 1342 1006 Alexandrum
1388 932 1760 1005 dimittens²
1805 937 2090 1023 monuit,
2141 950 2275 1004 «ut
2312 960 2466 1004 cum
2509 961 2590 1005 eo
2632 950 2749 1005 aut
2792 961 2896 1005 ra-

767 1045 1051 1131 tissime,
1092 1058 1208 1112 aut
1247 1066 1447 1137 quam
1478 1041 1953 1136 jucundissime
1987 1040 2428 1136 loqueretur:
2473 1067 2606 1137 quo
2649 1041 2898 1113 scilicet

766 1150 944 1245 apud
992 1150 1201 1244 regias
1249 1173 1440 1217 aures
1484 1146 1589 1217 vel
1645 1146 1901 1218 silentio
1951 1150 2187 1236 tutior,
2234 1148 2337 1217 vel
2382 1174 2686 1218 sermone
2727 1164 2899 1218 esset

766 1259 1173 1352 acceptior.»
1218 1258 1306 1325 At
1332 1254 1437 1324 ille
1466 1255 1626 1324 dum
1653 1253 2101 1324 Alexandrum
2142 1255 2568 1325 macedonem
2608 1241 2896 1350 persica³

768 1362 1156 1433 salutatione
1184 1362 1581 1457 gaudentem
1611 1362 1950 1456 objurgat,
1979 1376 2045 1430 et
2073 1361 2158 1430 ad
2186 1362 2645 1431 macedonicos
2678 1387 2899 1431 mores

766 1470 1048 1538 invitum
1091 1493 1405 1538 revocare
1436 1467 1757 1537 benevole
1787 1482 2200 1562 perseverat,
2234 1470 2468 1564 spiritu
2506 1493 2730 1537 carere
2758 1470 2904 1563 jus-

767 1600 912 1664 sus,
957 1600 1168 1645 seram
1206 1574 1489 1670 neglecti
1526 1575 1804 1644 salubris
1848 1573 2099 1646 consilii
2142 1576 2593 1670 poenitentiam
2638 1577 2790 1670 egit.

874 1699 1061 1771 Idem
1117 1697 1498 1768 Aristoteles
1530 1684 1556 1729 ⁴
1608 1698 1696 1767 de
1737 1688 2094 1794 semetipso
2144 1704 2216 1766 in
2268 1714 2579 1767 neutram
2619 1714 2903 1793 partem

771 1808 964 1902 loqui
1012 1805 1256 1876 debere
1300 1805 1702 1901 praedicabat
1743 1831 1759 1873 ε
1803 1810 2130 1899 quoniam
2184 1805 2490 1874 laudare·
2527 1829 2636 1891 se,
2688 1811 2862 1874 vani
2875 1832 2900 1886 ‚·

766 1918 1160 2009 vituperare
1169 1968 1190 2001 ‚
1238 1913 1436 1981 stulti
1455 1927 1647 1980 esset.
1685 1911 2001 2005 Ejusdem
2034 1927 2134 1981 est
2161 1910 2579 1981 utilissimum
2609 1936 2900 2007 praecep-

857 2147 878 2181 1
895 2166 907 2179 .
943 2128 997 2180 A
1028 2131 1229 2179 caritate
1256 2126 1388 2178 istud
1407 2137 1688 2197 proestatur.
1715 2126 1795 2179 Ae

768 2227 886 2260 uro
924 2218 1036 2260 anes
1063 2208 1337 2278 thppm.
1377 2207 1459 2258 lta
1487 2223 1612 2259 cum
1651 2204 1792 2258 Atdo

773 2288 988 2360 Pighius
1000 2286 1187 2345 edidit.
1203 2285 1307 2340 Sed
1319 2284 1648 2358 quumMSS.
1659 2287 1797 2339 mul-

772 2383 885 2422 tum
916 2369 1055 2421 inter
1094 2386 1149 2421 se
1193 2365 1535 2430 dissentiant,
1568 2366 1658 2418 alii
1694 2366 1794 2419 alia

771 2451 1044 2521 conjecere
1060 2487 1073 2512 ,
1102 2448 1322 2502 Culex-us
1341 2466 1355 2501 2
1377 2468 1408 2498 α
1426 2451 1628 2497 caritate
1647 2447 1792 2499 istud.

770 2531 923 2581 Pater
957 2549 1076 2580 vem
1106 2529 1358 2598 Philippus
1372 2546 1393 2588 ,·
1421 2544 1582 2598 quam
1617 2528 1796 2595 conje-

770 2622 976 2662 cturam
1013 2609 1207 2680 probat
1243 2608 1507 2661 vorstius.
1549 2606 1794 2662 Perizon.

773 2708 901 2743 vero
936 2689 1074 2740 inter
1108 2700 1292 2741 caetera
1322 2706 1335 2741 ε
1373 2687 1443 2739 ad
1479 2706 1688 2738 amorem
1728 2691 1802 2738 tui

773 2769 1070 2839 compulisses
1098 2788 1156 2818 ac
1191 2771 1453 2819 caritatem.
1495 2767 1639 2819 Istud
1656 2779 1799 2836 pater

772 2851 875 2919 ejus
901 2849 1170 2920 Pleisppus.
1190 2849 1259 2900 Et
1281 2848 1357 2900 sie
1375 2846 1667 2899 Torrenius
1687 2847 1796 2899 Va·

773 2929 964 2984 lei-ium
1002 2928 1268 3000 scripsisse
1309 2939 1477 3000 putat.
1519 2929 1575 2980 A
1605 2945 1706 2998 pro
1739 2948 1799 2980 ac

775 3010 927 3068 facile
954 3010 1114 3063 scribi
1150 3008 1328 3081 potuit
1357 3009 1427 3060 ob
1460 3006 1705 3060 iteratum
1731 3027 1797 3058 c·
1776 3047 1792 3070 ,

773 3088 909 3142 linea
928 3109 1055 3143 vero
1074 3103 1365 3142 transversa
1386 3089 1441 3140 in
1457 3087 1562 3139 fine
1582 3107 1740 3159 super
1753 3110 1793 3148 e,

774 3170 1075 3241 significans
1093 3191 1137 3221 m
1150 3208 1165 3231 ,
1189 3168 1467 3241 permultis
1485 3167 1615 3220 locis
1639 3169 1795 3221 omis·

777 3269 832 3303 sa
858 3263 959 3315 est,
979 3264 1036 3303 ut
1053 3263 1194 3303 recte
1212 3267 1424 3321 quoque
1446 3249 1673 3301 Torren.
1699 3268 1799 3300 no-

778 3331 922 3384 tavit.

862 3430 912 3464 ω.
958 3412 1232 3464 Dimittens.
1259 3407 1391 3462 Vid.
1430 3407 1701 3460 Plutarch.
1742 3408 1799 3460 in

779 3491 959 3555 Alex.;
990 3491 1163 3543 Laert.
1187 3490 1242 3542 in
1261 3491 1419 3543 Arist.
1434 3508 1449 3552 ;
1466 3489 1616 3542 Curt·
1632 3487 1769 3540 VIII
1786 3527 1803 3554 ,

782 3572 849 3637 5,
903 3575 969 3635 6,
1010 3583 1063 3622 et
1100 3587 1358 3640 123021).
1390 3573 1455 3628 8.
1494 3585 1593 3632 2⁸3
1635 3566 1800 3620 susti·

777 3670 936 3716 uum,
961 3651 1085 3702 XV.

869 3732 921 3784 3.
967 3729 1271 3783 Macedonem
1299 3731 1499 3800 persica.
1535 3725 1690 3786 Hanc
1725 3726 1800 3780 le-

776 3812 1034 3873 ctionem,
1056 3809 1213 3862 MSS.
1235 3822 1289 3863 et
1312 3808 1540 3880 antiquis
1560 3805 1685 3860 edd.
1709 3807 1800 3859 fir-

781 3904 1011 3957 matam,
1038 3890 1227 3944 merito
1256 3891 1482 3944 Tou-en.
1509 3887 1800 3955 revocavit,

778 3990 942 4042 quum
970 3971 1119 4044 Pigh.
1152 3968 1401 4026 edidisset
1426 3971 1619 4040 persica
1653 3987 1801 4021 mace-

777 4052 968 4105 donum.
992 4053 1151 4106 Recte
1172 4051 1313 4108 enim
1336 4048 1634 4106 observavit
1650 4047 1798 4100 Peri-

778 4131 989 4194 zonius,
1020 4129 1377 4187 Alexandrum
1401 4149 1511 4184 non
1540 4140 1748 4181 tantum
1769 4147 1797 4182 a

1879 2122 2286 2185 Macedonibus,
2303 2124 2395 2179 sed
2421 2127 2486 2179 ab
2507 2128 2784 2192 omnibus,
2807 2129 2901 2200 qui

1880 2206 2017 2259 circa
2041 2225 2096 2260 se
2112 2219 2289 2270 eram,
2315 2206 2427 2260 sive
2443 2208 2644 2273 Persa,
2662 2208 2773 2261 sive
2793 2208 2905 2262 Ma·

1879 2284 2105 2341 cedones
2144 2299 2346 2349 essent,
2387 2288 2614 2343 voluisse
2649 2288 2904 2342 honorari

1880 2367 2190 2419 salutatione
2210 2368 2486 2420 Persarum
2503 2406 2521 2433 ,
2539 2368 2632 2440 qui
2653 2371 2903 2440 prostrati

1879 2464 2027 2515 reges
2061 2465 2182 2499 suos
2227 2445 2533 2500 adorabant.
2568 2449 2663 2500 Est
2690 2467 2905 2520 quoque

1880 2526 2142 2598 emphasis
2169 2526 2226 2578 in
2247 2546 2338 2592 eo,
2356 2526 2719 2581 Alexandrum
2747 2548 2902 2580 mace-

1880 2607 2050 2658 domm
2089 2612 2282 2678 persica
2313 2609 2624 2663 salutatione
2665 2610 2903 2681 gavisum

1881 2705 2008 2740 esse.
2020 2688 2359 2741 —Benevole.
2368 2689 2517 2742 Hanc
2529 2708 2729 2745 vocem,
2742 2709 2901 2761 quam

1882 2767 2033 2838 Pigh.
2043 2767 2527 2822 contradicentibus
2536 2769 2688 2822 libris
2700 2789 2905 2841 expun-

1882 2859 2027 2899 xerat
2032 2849 2230 2913 ,Vorst.
2245 2849 2530 2901 revocavit.
2546 2837 2754 2902 Merito.
2765 2850 2817 2901 N
2819 2868 2906 2902 am

1881 2927 2251 2984 benevolentia
2280 2929 2370 2982 illa
2400 2929 2767 2995 Callisthenis,
2799 2948 2907 3001 qna

1884 3006 2242 3061 Alexandrum
2258 3007 2326 3062 ad
2345 3008 2711 3062 macedonicos
2730 3029 2907 3063 mores

1882 3106 2130 3141 revocare
2170 3086 2408 3154 studuit,
2436 3102 2653 3160 apparet
2679 3107 2742 3142 ex
2778 3090 2906 3162 ipsis

1883 3169 1996 3238 ejus
2018 3168 2195 3220 verbis
2213 3207 2229 3235 ,
2256 3187 2374 3240 quae
2415 3182 2557 3221 sunt·
2577 3168 2722 3240 apud
2748 3170 2903 3223 Curt-

1886 3249 2049 3313 vm,
2076 3249 2135 3313 5,
2175 3267 2266 3302 ιιι.
2301 3249 2568 3301 Nimirum
2590 3250 2908 3320 precabatur

1885 3327 1976 3380 ine
2004 3329 2116 3400 regi
2143 3347 2315 3383 seram
2342 3329 2820 3394 immortalitatem,
2844 3344 2908 3382 ut

1884 3408 1994 3464 vita
2023 3406 2276 3462 diuturna
2305 3421 2440 3463 esset
2482 3428 2542 3463 ac
2569 3421 2764 3464 aterna
2790 3429 2906 3464 ma·

1881 3490 2055 3560 jestas.
2085 3521 2167 3532 —
2207 3490 2391 3543 Iussus.
2432 3488 2744 3560 Indignatus
2783 3491 2908 3543 Ale·

1887 3566 2116 3634 xander,
2148 3572 2356 3642 objecto
2386 3570 2463 3622 illi
2493 3570 2625 3623 falso
2648 3569 2906 3635 crimino,

1885 3647 2030 3719 quod
2046 3649 2315 3703 Hermolai
2328 3649 2707 3722 conjurationis
2723 3662 2910 3710 auctos·

1885 3729 2193 3800 exstitisset,
2218 3730 2276 3782 in
2315 3748 2578 3788 carcerem
2616 3748 2739 3783 eum
2776 3748 2909 3782 con-

1881 3809 1976 3880 jici
2003 3811 2173 3881 jussit.
2212 3811 2290 3864 De
2329 3810 2577 3886 supplicii
2611 3825 2808 3880 genere
2830 3808 2911 3865 di·

1886 3902 2129 3961 screpant
2152 3903 2410 3944 auctores·

1955 3976 1988 4033 4
1996 4011 2008 4022 .
2020 3971 2302 4023 Aristoteles
2309 4009 2320 4022 .
2327 3972 2406 4022 De
2419 3970 2715 4024 Aristotelis
2724 3970 2779 4022 E
2781 3969 2911 4020 thie-a

1885 4048 1996 4103 vid.
2024 4051 2066 4104 F
2068 4050 2289 4105 rancisci
2313 4050 2527 4104 Pau-inii
2548 4050 2910 4104 Discussiones

1885 4130 2280 4203 peripateticos,
2306 4150 2424 4202 pag.
2449 4131 2516 4184 31
2547 4144 2603 4184 et
2631 4135 2704 4201 76
2732 4148 2847 4201 sqq.
