3143 5204
760 484 855 555 92
1094 459 1527 528 VALERII
1586 456 1999 525 MAXIMI
2054 456 2242 523 LIB.
2299 457 2527 522 VIII.

755 593 1041 662 dicerem
1064 645 1083 679 ‚
1120 592 1245 661 nisi
1275 590 1510 661 eadem
1549 587 1642 659 illi
1681 604 1750 658 et
1783 587 2067 658 dedisset
2099 587 2346 672 vitam,
2384 601 2453 656 et
2491 586 2879 657 abstulisset.

754 700 985 794 Captis
1027 700 1208 767 enim
1260 698 1643 793 Syracusi5‚
1693 693 2049 765 Marcellus
2102 694 2697 764 machinationibus
2742 695 2884 787 ejus

757 804 1038 873 multum
1070 829 1148 875 ac
1177 804 1291 874 diu
1319 804 1662 873 victoriam
1696 827 1881 872 suam
1908 802 2257 871 inhibitam
2288 816 2617 870 senserat:
2648 803 2884 872 eximia

759 926 980 980 tamen
1015 912 1299 981 hominis
1334 910 1685 1005 prudentia
1719 908 2128 997 delectatuS,
2171 922 2245 976 ut
2280 908 2484 1002 capiti
2521 905 2690 976 illius
2734 933 2886 1002 par-

756 1033 1053 1104 ceretur‚
1085 1017 1328 1101 edixit‘3
1363 1041 1550 1112 paene
1586 1031 1846 1088 tantum
1878 1014 2107 1111 gloriae
2140 1017 2209 1084 in
2242 1013 2636 1084 Archimede
2676 1039 2889 1084 serva-

756 1139 827 1194 to
847 1179 868 1211 ‚
896 1140 1215 1219 quantum
1252 1126 1320 1193 in
1350 1126 1680 1220 oppressis
1709 1124 2083 1218 SyracusiS,
2110 1146 2453 1216 reponens.
2483 1121 2573 1189 At
2594 1122 2652 1190 is
2672 1175 2692 1208 ,
2725 1121 2886 1190 dum

756 1233 979 1300 animo
1009 1246 1082 1300 et
1110 1229 1317 1301 oculis
1337 1232 1411 1300 in
1441 1246 1692 1301 terram
1724 1229 1958 1301 defixis
1992 1228 2238 1298 formas
2272 1227 2622 1312 describit,
2658 1227 2888 1313 minti,

755 1339 868 1431 qui
920 1337 1259 1432 praedandi
1302 1340 1511 1434 gratia
1557 1339 1828 1408 domum
1873 1339 2238 1431 irruperat,
2287 1335 2644 1427 strictoque
2687 1359 2889 1428 super

757 1458 962 1537 caput
999 1443 1259 1538 gladio,
1296 1452 1614 1539 qun-nam
1658 1459 1877 1530 esset,
1928 1442 2379 1536 interrogabat
2398 1494 2417 1529 ‚
2458 1454 2736 1534 propter
2780 1441 2886 1508 ni-

757 1552 958 1619 miam
1011 1552 1438 1646 cupiditatem
1478 1550 1916 1646 investigandi
1950 1547 2137 1644 quod
2178 1546 2556 1642 requirebat
2576 1600 2599 1634 ,
2638 1571 2890 1616 nomeu

757 1681 949 1725 suum
989 1658 1284 1731 indicam
1324 1682 1462 1728 non
1497 1660 1759 1753 ‚potuit3
1789 1656 1905 1727 sed
1946 1670 2286 1753 protracto
2324 1653 2632 1723 manibus
2666 1651 2894 1748 pulve-

757 1788 829 1831 re
851 1761 896 1850 ¹,
924 1766 1131 1851 Noli,
1163 1765 1382 1859 inquit
1398 1819 1418 1853 ‚
1447 1764 1729 1835 obsecro
1746 1819 1766 1850 ‚
1807 1762 2033 1835 zssstum²
2058 1761 2444 1833 dllrtwbare
2471 1786 2493 1829 .·
2516 1784 2597 1829 ac
2619 1759 2896 1878 perinde

745 1872 940 1963 quasi
981 1870 1320 1967 negligens
1373 1873 1631 1966 imperii
1683 1872 1992 1956 victoris,
2032 1869 2468 1940 obtruncatus
2495 1920 2515 1955 ‚
2570 1868 2891 1961 sanguine

759 2002 880 2045 suo
905 1979 1064 2047 artis
1088 2003 1221 2048 suae
1249 1977 1645 2048 lineamenta
1681 1978 2018 2047 confudit:
2046 2002 2185 2070 quo
2211 1975 2482 2062 accidit,
2510 1988 2587 2044 ut
2612 1988 2894 2104 propte3r

756 2082 928 2152 idem
976 2083 1264 2154 studium
1310 2085 1511 2155 modo
1545 2084 1916 2154 donaretur
1958 2082 2136 2171 vita,
2182 2081 2384 2153 modo
2429 2065 2869 2177 spoliaretur³
2874 2133 2887 2147 .

867 2190 932 2260 8.
982 2178 1373 2261 Socratem⁶
1408 2193 1609 2261 etiam
1656 2205 1921 2261 constat
1973 2204 2164 2259 aetate
2207 2202 2601 2285 provectum
2650 2186 2894 2255 fidibus

757 2296 1111 2367 tractandis
1153 2322 1425 2395 operam
1469 2296 1629 2368 dare
1673 2301 2001 2394 coepisse,
2054 2299 2256 2366 satius
2299 2294 2703 2389 judicantem
2750 2292 2893 2386 ejus

753 2405 910 2473 artis
946 2406 1139 2473 usuni
1175 2430 1369 2493 sere,
1409 2429 1614 2500 quam
1656 2428 1997 2499 nunquam
2041 2405 2421 2499 percipere3
2456 2414 2531 2469 et
2569 2398 2896 2493 quantula

752 2512 1007 2579 Socrati
1049 2514 1336 2581 accessio
1363 2513 1490 2581 ista
1519 2511 1745 2581 futura
1776 2513 2062 2581 scientiae
2094 2507 2282 2579 erat?
2309 2507 2424 2578 sed
2448 2506 2757 2602 pertinax
2776 2505 2896 2575 ho-

753 2619 946 2687 minis
983 2618 1340 2705 industria,
1377 2620 1584 2689 tantis
1604 2618 1927 2688 doctrinae
1954 2642 2088 2688 suae
2108 2617 2354 2687 divitiis
2384 2617 2588 2684 etiam
2624 2614 2896 2684 musicae

754 2724 1023 2792 rationis
1050 2710 1476 2794 vilissimum⁵
1500 2723 1899 2795 elementum
1927 2724 2242 2794 accedere
2270 2721 2499 2792 voluit.
2519 2724 2701 2814 Ergo
2724 2720 2893 2789 dum

756 2828 840 2896 ad
868 2827 1255 2900 discendum
1284 2856 1544 2925 semper
1574 2856 1642 2901 se
1664 2857 2029 2928 pauperem
2057 2830 2373 2915 credidit,
2404 2828 2489 2897 ad
2513 2826 2891 2897 docendum

756 2935 916 3005 fecit
959 2962 1027 3005 se
1067 2935 1674 3032 locupletissimum.

752 3099 981 3170 Legatur
1015 3101 1175 3153 etiam
1200 3098 1269 3154 de
1299 3099 1616 3155 Archimede
1639 3103 1777 3174 ejus·

753 3198 858 3250 que
876 3181 1083 3252 scriptis
1102 3181 1330 3234 Fabricii
1349 3181 1606 3235 Biblioth.
1622 3200 1776 3253 grec.

1866 3101 2106 3154 omnium
2148 3119 2298 3172 paeue
2335 3119 2517 3153 rerum
2540 3098 2782 3171 jamdum
2809 3118 2898 3152 co-

1862 3181 2127 3254 gnitarum
2139 3181 2411 3234 scientiam
2423 3193 2555 3234 esset
2571 3180 2896 3251 complexus,

753 3258 885 3313 edit.
900 3260 1102 3314 Harles.
1123 3262 1228 3313 vol.
1245 3262 1350 3325 IV,
1368 3281 1423 3334 p.
1447 3280 1723 3333 170-191.

842 3359 890 3392 1.
928 3341 1145 3394 Pulvere.
1179 3343 1247 3394 In
1277 3360 1386 3412 quo
1411 3342 1605 3413 figuras
1631 3361 1775 3407 suas,

753 3437 846 3472 seu
876 3420 1071 3473 formas
1094 3422 1338 3475 metricas
1361 3419 1683 3493 designabat.

839 3518 892 3551 2.
930 3501 1096 3554 Istum.
1126 3502 1441 3570 Pulverem,
1471 3521 1592 3555 mon
1622 3507 1774 3555 circu·

754 3580 875 3640 luni,
897 3592 957 3633 ut
977 3578 1197 3674 quidam
1216 3594 1545 3654 receperunt.
1561 3582 1777 3635 Formas

755 3660 995 3714 metricas
1041 3663 1258 3716 traxisse
1297 3681 1421 3715 eum
1460 3662 1519 3714 in
1555 3662 1775 3734 pulvere

754 3740 994 3794 scribunt
1017 3741 1201 3795 Livius
1223 3756 1276 3795 et
1298 3742 1640 3806 Plutarchus,
1663 3761 1775 3795 non

752 3817 1099 3874 determinate
1124 3822 1363 3876 circulos.

837 3903 886 3954 3.
902 3901 1216 3970 Spoliaretur.
1233 3903 1422 3956 Cicero
1435 3901 1651 3956 demum
1664 3905 1712 3974 ej
1718 3923 1777 3956 us

751 3981 1050 4051 sepulcrum
1081 3980 1296 4036 detexit.

835 4066 888 4123 4.
935 4061 1195 4118 Socratem.
1232 4062 1360 4117 vid.
1400 4064 1533 4116 Plat.
1577 4063 1633 4115 in
1665 4063 1775 4116 Eu·

748 4138 922 4211 thyd.;
939 4142 1051 4196 Cic.
1077 4145 1274 4199 inCat.
1296 4146 1349 4198 8.
1373 4145 1634 4209 Socrates,
1653 4163 1773 4197 cnm

1865 3261 2077 3315 musicae
2101 3279 2313 3332 quoque
2332 3280 2516 3314 vacare
2546 3280 2657 3313 uon
2679 3259 2895 3313 erubuit

1868 3342 1924 3394 in
1948 3341 2282 3412 provectiore
2312 3352 2493 3405 etate,
2525 3352 2583 3393 ut
2616 3339 2755 3394 nihil
2780 3339 2896 3391 suis

1863 3421 2150 3475 virtutibus
2198 3420 2377 3475 deesse
2423 3419 2711 3473 videretur.
2766 3418 2895 3472 Hac

1863 3521 2077 3574 qnoque
2094 3504 2207 3573 ejus
2236 3520 2391 3555 causa
2416 3513 2698 3554 narratur:
2724 3517 2894 3570 quum

1863 3583 1920 3634 in
1956 3582 2205 3635 convivio
2235 3601 2266 3635 a
2300 3578 2565 3653 quodam,
2595 3593 2656 3633 ut
2683 3591 2896 3632 caneret

1861 3660 2089 3726 fidibus,
2118 3662 2466 3727 invitaretur,
2491 3679 2546 3714 se
2576 3659 2779 3713 nescire
2812 3677 2897 3712 re·

1860 3740 2121 3813 spondit:
2154 3740 2301 3813 quod
2320 3740 2634 3795 anonnullis
2665 3740 2776 3792 risu
2802 3758 2894 3792 ex·

1861 3836 2103 3894 ceptum,
2127 3820 2196 3875 ad
2208 3822 2470 3876 ⁴musicam
2491 3817 2897 3892 perdiscendam

1862 3921 1985 3957 eum
2008 3902 2263 3957 incitavit.
2295 3902 2445 3955 Fides
2475 3913 2658 3954 autem
2691 3897 2894 3954 chorda

1864 3996 1942 4037 est
1959 3983 2018 4036 in
2036 3983 2235 4038 cithara
2258 3983 2342 4035 vel
2359 3983 2477 4055 lyra
2504 3981 2675 4035 aliove
2702 3981 2896 4034 insu-u·

1864 4076 2045 4117 mmo
2070 4081 2271 4116 musico
2300 4076 2531 4117 extensa.

1952 4144 2000 4198 5.
2053 4145 2109 4197 V
2103 4143 2369 4196 ilz'ssimum.
2387 4143 2570 4196 Prima
2586 4139 2895 4195 rudimenta
