<?xml version="1.0" encoding="UTF-8"?>
<!DOCTYPE html PUBLIC "-//W3C//DTD XHTML 1.0 Transitional//EN"
    "http://www.w3.org/TR/xhtml1/DTD/xhtml1-transitional.dtd">
<html xmlns="http://www.w3.org/1999/xhtml" xml:lang="en" lang="en">
 <head>
  <title>
</title>
<meta http-equiv="Content-Type" content="text/html;charset=utf-8" />
  <meta name='ocr-system' content='tesseract 3.04.00' />
  <meta name='ocr-capabilities' content='ocr_page ocr_carea ocr_par ocr_line ocrx_word'/>
</head>
<body>
  <div class='ocr_page' id='page_1' title='image "./valeriusmaximus02lykogoog_0191.png"; bbox 0 0 3143 5204; ppageno 0'>
   <div class='ocr_carea' id='block_1_1' title="bbox 679 522 2365 624">
    <p class='ocr_par' dir='ltr' id='par_1_1' title="bbox 679 522 2365 624">
     <span class='ocr_line' id='line_1_1' title="bbox 679 522 2365 624; baseline 0.002 -33"><span class='ocrx_word' id='word_1_1' title='bbox 679 523 887 592; x_wconf 80' lang='lat' dir='ltr'><strong>CAP.</strong></span> <span class='ocrx_word' id='word_1_2' title='bbox 944 523 1049 608; x_wconf 83' lang='lat' dir='ltr'><strong>x,</strong></span> <span class='ocrx_word' id='word_1_3' title='bbox 1103 522 1242 589; x_wconf 85' lang='lat' dir='ltr'><strong>DE</strong></span> <span class='ocrx_word' id='word_1_4' title='bbox 1296 522 1800 592; x_wconf 85' lang='lat' dir='ltr'><strong>ULTIONE.</strong></span> <span class='ocrx_word' id='word_1_5' title='bbox 2231 549 2365 624; x_wconf 91' lang='lat'><strong>¹77</strong></span> 
     </span>
    </p>
   </div>
   <div class='ocr_carea' id='block_1_2' title="bbox 252 651 2392 1916">
    <p class='ocr_par' dir='ltr' id='par_1_2' title="bbox 252 651 2383 1362">
     <span class='ocr_line' id='line_1_2' title="bbox 254 651 2374 749; baseline 0.001 -25"><span class='ocrx_word' id='word_1_6' title='bbox 254 656 467 724; x_wconf 85' lang='lat' dir='ltr'><strong>securi</strong></span> <span class='ocrx_word' id='word_1_7' title='bbox 504 655 760 749; x_wconf 87' lang='lat' dir='ltr'><strong>percuti</strong></span> <span class='ocrx_word' id='word_1_8' title='bbox 807 678 822 720; x_wconf 75' lang='grc' dir='ltr'><strong>ε</strong></span> <span class='ocrx_word' id='word_1_9' title='bbox 868 651 1199 723; x_wconf 82' lang='lat' dir='ltr'>imbellem</span> <span class='ocrx_word' id='word_1_10' title='bbox 1235 652 1722 723; x_wconf 84' lang='lat' dir='ltr'><strong>multitudinem</strong></span> <span class='ocrx_word' id='word_1_11' title='bbox 1764 654 1887 723; x_wconf 89' lang='lat' dir='ltr'><strong>sub</strong></span> <span class='ocrx_word' id='word_1_12' title='bbox 1927 679 2173 725; x_wconf 88' lang='lat' dir='ltr'><strong>corona</strong></span> <span class='ocrx_word' id='word_1_13' title='bbox 2190 656 2208 681; x_wconf 82' lang='lat'>¹</span> <span class='ocrx_word' id='word_1_14' title='bbox 2252 684 2374 727; x_wconf 83' lang='lat' dir='ltr'><strong>ve-</strong></span> 
     </span>
     <span class='ocr_line' id='line_1_3' title="bbox 252 759 2370 856; baseline 0.002 -26"><span class='ocrx_word' id='word_1_15' title='bbox 252 762 430 848; x_wconf 82' lang='lat' dir='ltr'><strong>nire3</strong></span> <span class='ocrx_word' id='word_1_16' title='bbox 478 784 678 855; x_wconf 88' lang='lat' dir='ltr'><strong>quam</strong></span> <span class='ocrx_word' id='word_1_17' title='bbox 723 759 810 829; x_wconf 95' lang='lat' dir='ltr'><strong>ob</strong></span> <span class='ocrx_word' id='word_1_18' title='bbox 852 783 1117 828; x_wconf 86' lang='lat' dir='ltr'><strong>causam</strong></span> <span class='ocrx_word' id='word_1_19' title='bbox 1155 759 1415 853; x_wconf 91' lang='lat' dir='ltr'><strong>Papiria</strong></span> <span class='ocrx_word' id='word_1_20' title='bbox 1457 759 1697 848; x_wconf 88' lang='lat' dir='ltr'><strong>tribus,</strong></span> <span class='ocrx_word' id='word_1_21' title='bbox 1739 762 1807 828; x_wconf 91' lang='lat' dir='ltr'><strong>in</strong></span> <span class='ocrx_word' id='word_1_22' title='bbox 1847 784 1976 854; x_wconf 89' lang='lat' dir='ltr'><strong>qua</strong></span> <span class='ocrx_word' id='word_1_23' title='bbox 2016 761 2370 856; x_wconf 88' lang='lat' dir='ltr'><strong>plurimum</strong></span> 
     </span>
     <span class='ocr_line' id='line_1_4' title="bbox 254 865 2378 963; baseline 0.002 -27"><span class='ocrx_word' id='word_1_24' title='bbox 254 883 486 963; x_wconf 88' lang='lat' dir='ltr'><strong>postea</strong></span> <span class='ocrx_word' id='word_1_25' title='bbox 534 865 888 936; x_wconf 79' lang='lat' dir='ltr'><strong>Tusculani</strong></span> <span class='ocrx_word' id='word_1_26' title='bbox 940 868 1009 934; x_wconf 91' lang='lat' dir='ltr'><strong>in</strong></span> <span class='ocrx_word' id='word_1_27' title='bbox 1049 867 1379 934; x_wconf 87' lang='lat' dir='ltr'><strong>civitatem</strong></span> <span class='ocrx_word' id='word_1_28' title='bbox 1430 867 1677 960; x_wconf 83' lang='lat' dir='ltr'><strong>recepti</strong></span> <span class='ocrx_word' id='word_1_29' title='bbox 1723 880 2117 961; x_wconf 86' lang='lat' dir='ltr'><strong>potuerunt,</strong></span> <span class='ocrx_word' id='word_1_30' title='bbox 2171 875 2378 941; x_wconf 88' lang='lat' dir='ltr'><strong>nemi-</strong></span> 
     </span>
     <span class='ocr_line' id='line_1_5' title="bbox 253 970 2381 1070; baseline 0.002 -28"><span class='ocrx_word' id='word_1_31' title='bbox 253 998 410 1043; x_wconf 87' lang='lat' dir='ltr'><strong>nem</strong></span> <span class='ocrx_word' id='word_1_32' title='bbox 462 997 752 1067; x_wconf 87' lang='lat' dir='ltr'><strong>unquam</strong></span> <span class='ocrx_word' id='word_1_33' title='bbox 802 971 1222 1042; x_wconf 85' lang='lat' dir='ltr'><strong>candidatum</strong></span> <span class='ocrx_word' id='word_1_34' title='bbox 1246 970 1266 995; x_wconf 86' lang='lat'>²</span> <span class='ocrx_word' id='word_1_35' title='bbox 1317 971 1515 1040; x_wconf 81' lang='lat' dir='ltr'><strong>Poliae</strong></span> <span class='ocrx_word' id='word_1_36' title='bbox 1576 972 1787 1041; x_wconf 85' lang='lat' dir='ltr'><strong>tribus</strong></span> <span class='ocrx_word' id='word_1_37' title='bbox 1844 972 1999 1044; x_wconf 82' lang='lat' dir='ltr'><strong>fecit</strong></span> <span class='ocrx_word' id='word_1_38' title='bbox 2039 977 2381 1070; x_wconf 85' lang='lat' dir='ltr'><strong>magistra-</strong></span> 
     </span>
     <span class='ocr_line' id='line_1_6' title="bbox 254 1076 2383 1175; baseline 0.002 -26"><span class='ocrx_word' id='word_1_39' title='bbox 254 1094 442 1165; x_wconf 87' lang='lat' dir='ltr'><strong>tum,</strong></span> <span class='ocrx_word' id='word_1_40' title='bbox 487 1103 573 1149; x_wconf 91' lang='lat' dir='ltr'><strong>ne</strong></span> <span class='ocrx_word' id='word_1_41' title='bbox 614 1078 700 1149; x_wconf 88' lang='lat' dir='ltr'><strong>ad</strong></span> <span class='ocrx_word' id='word_1_42' title='bbox 744 1102 890 1149; x_wconf 89' lang='lat' dir='ltr'><strong>eam</strong></span> <span class='ocrx_word' id='word_1_43' title='bbox 936 1077 1109 1147; x_wconf 88' lang='lat' dir='ltr'><strong>ullus</strong></span> <span class='ocrx_word' id='word_1_44' title='bbox 1161 1077 1375 1147; x_wconf 84' lang='lat' dir='ltr'><strong>honos</strong></span> <span class='ocrx_word' id='word_1_45' title='bbox 1414 1078 1548 1147; x_wconf 90' lang='lat' dir='ltr'><strong>suis</strong></span> <span class='ocrx_word' id='word_1_46' title='bbox 1596 1076 1925 1173; x_wconf 82' lang='lat' dir='ltr'><strong>suffragiis</strong></span> <span class='ocrx_word' id='word_1_47' title='bbox 1974 1084 2383 1175; x_wconf 83' lang='lat' dir='ltr'><strong>perveniret,</strong></span> 
     </span>
     <span class='ocr_line' id='line_1_7' title="bbox 257 1184 2383 1280; baseline 0.001 -26"><span class='ocrx_word' id='word_1_48' title='bbox 257 1211 407 1280; x_wconf 84' lang='lat' dir='ltr'><strong>quae</strong></span> <span class='ocrx_word' id='word_1_49' title='bbox 448 1184 574 1254; x_wconf 87' lang='lat' dir='ltr'><strong>illis</strong></span> <span class='ocrx_word' id='word_1_50' title='bbox 612 1187 812 1254; x_wconf 83' lang='lat' dir='ltr'><strong>vitam</strong></span> <span class='ocrx_word' id='word_1_51' title='bbox 861 1208 940 1254; x_wconf 89' lang='lat' dir='ltr'><strong>ac</strong></span> <span class='ocrx_word' id='word_1_52' title='bbox 974 1184 1382 1271; x_wconf 82' lang='lat' dir='ltr'><strong>libertatem,</strong></span> <span class='ocrx_word' id='word_1_53' title='bbox 1423 1198 1747 1278; x_wconf 89' lang='lat' dir='ltr'><strong>quantum</strong></span> <span class='ocrx_word' id='word_1_54' title='bbox 1786 1186 1854 1253; x_wconf 93' lang='lat' dir='ltr'><strong>in</strong></span> <span class='ocrx_word' id='word_1_55' title='bbox 1888 1188 2031 1280; x_wconf 85' lang='lat' dir='ltr'><strong>ipsa</strong></span> <span class='ocrx_word' id='word_1_56' title='bbox 2073 1186 2234 1272; x_wconf 86' lang='lat' dir='ltr'><strong>fuit,</strong></span> <span class='ocrx_word' id='word_1_57' title='bbox 2271 1189 2383 1259; x_wconf 91' lang='lat' dir='ltr'><strong>ad·</strong></span> 
     </span>
     <span class='ocr_line' id='line_1_8' title="bbox 256 1307 528 1362; baseline 0 -2"><span class='ocrx_word' id='word_1_58' title='bbox 256 1307 528 1362; x_wconf 89' lang='lat' dir='ltr'><strong>emerat.</strong></span> 
     </span>
    </p>

    <p class='ocr_par' dir='ltr' id='par_1_3' title="bbox 257 1395 2392 1916">
     <span class='ocr_line' id='line_1_9' title="bbox 370 1395 2386 1486; baseline 0.001 -19"><span class='ocrx_word' id='word_1_59' title='bbox 370 1425 435 1467; x_wconf 83' lang='lat'><strong>2.</strong></span> <span class='ocrx_word' id='word_1_60' title='bbox 479 1398 671 1468; x_wconf 90' lang='lat' dir='ltr'><strong>Illam</strong></span> <span class='ocrx_word' id='word_1_61' title='bbox 714 1420 873 1466; x_wconf 86' lang='lat' dir='ltr'><strong>vero</strong></span> <span class='ocrx_word' id='word_1_62' title='bbox 920 1395 1235 1465; x_wconf 89' lang='lat' dir='ltr'><strong>ultionem</strong></span> <span class='ocrx_word' id='word_1_63' title='bbox 1275 1411 1343 1466; x_wconf 91' lang='lat' dir='ltr'><strong>et</strong></span> <span class='ocrx_word' id='word_1_64' title='bbox 1389 1412 1687 1486; x_wconf 77' lang='lat' dir='ltr'><strong>senatuS,</strong></span> <span class='ocrx_word' id='word_1_65' title='bbox 1734 1412 1803 1468; x_wconf 94' lang='lat' dir='ltr'><strong>et</strong></span> <span class='ocrx_word' id='word_1_66' title='bbox 1841 1422 2197 1470; x_wconf 86' lang='lat' dir='ltr'><strong>consensus</strong></span> <span class='ocrx_word' id='word_1_67' title='bbox 2235 1424 2386 1469; x_wconf 90' lang='lat' dir='ltr'><strong>om-</strong></span> 
     </span>
     <span class='ocr_line' id='line_1_10' title="bbox 257 1488 2387 1601; baseline 0.001 -29"><span class='ocrx_word' id='word_1_68' title='bbox 257 1505 445 1574; x_wconf 89' lang='lat' dir='ltr'><strong>nium</strong></span> <span class='ocrx_word' id='word_1_69' title='bbox 476 1488 922 1601; x_wconf 78' lang='lat' dir='ltr'><strong>approbavit³z</strong></span> <span class='ocrx_word' id='word_1_70' title='bbox 952 1526 1158 1597; x_wconf 89' lang='lat' dir='ltr'><strong>quum</strong></span> <span class='ocrx_word' id='word_1_71' title='bbox 1183 1504 1358 1573; x_wconf 92' lang='lat' dir='ltr'><strong>enim</strong></span> <span class='ocrx_word' id='word_1_72' title='bbox 1391 1491 1804 1573; x_wconf 75' lang='lat' dir='ltr'><strong>Hadrianus-⁴</strong></span> <span class='ocrx_word' id='word_1_73' title='bbox 1834 1505 2010 1573; x_wconf 83' lang='lat' dir='ltr'><strong>cives</strong></span> <span class='ocrx_word' id='word_1_74' title='bbox 2046 1529 2387 1593; x_wconf 86' lang='lat' dir='ltr'><strong>romanos,</strong></span> 
     </span>
     <span class='ocr_line' id='line_1_11' title="bbox 259 1608 2387 1705; baseline 0.001 -26"><span class='ocrx_word' id='word_1_75' title='bbox 259 1613 376 1704; x_wconf 91' lang='lat' dir='ltr'><strong>qui</strong></span> <span class='ocrx_word' id='word_1_76' title='bbox 416 1613 631 1680; x_wconf 84' lang='lat' dir='ltr'><strong>Uticae</strong></span> <span class='ocrx_word' id='word_1_77' title='bbox 670 1609 1145 1697; x_wconf 81' lang='lat' dir='ltr'><strong>consistebant,</strong></span> <span class='ocrx_word' id='word_1_78' title='bbox 1189 1608 1457 1679; x_wconf 88' lang='lat' dir='ltr'><strong>sordido</strong></span> <span class='ocrx_word' id='word_1_79' title='bbox 1491 1610 1771 1705; x_wconf 89' lang='lat' dir='ltr'><strong>imperio</strong></span> <span class='ocrx_word' id='word_1_80' title='bbox 1809 1627 2145 1701; x_wconf 84' lang='lat' dir='ltr'><strong>vexasset,</strong></span> <span class='ocrx_word' id='word_1_81' title='bbox 2186 1612 2387 1682; x_wconf 88' lang='lat' dir='ltr'><strong>idcir-</strong></span> 
     </span>
     <span class='ocr_line' id='line_1_12' title="bbox 257 1716 2392 1812; baseline 0 -25"><span class='ocrx_word' id='word_1_82' title='bbox 257 1742 476 1812; x_wconf 86' lang='lat' dir='ltr'><strong>coque</strong></span> <span class='ocrx_word' id='word_1_83' title='bbox 528 1717 613 1787; x_wconf 88' lang='lat' dir='ltr'><strong>ab</strong></span> <span class='ocrx_word' id='word_1_84' title='bbox 659 1717 762 1786; x_wconf 87' lang='lat' dir='ltr'><strong>his</strong></span> <span class='ocrx_word' id='word_1_85' title='bbox 812 1717 1004 1785; x_wconf 84' lang='lat' dir='ltr'><strong>vivus</strong></span> <span class='ocrx_word' id='word_1_86' title='bbox 1048 1730 1224 1785; x_wconf 87' lang='lat' dir='ltr'><strong>esset</strong></span> <span class='ocrx_word' id='word_1_87' title='bbox 1272 1730 1580 1802; x_wconf 80' lang='lat' dir='ltr'><strong>exustus3</strong></span> <span class='ocrx_word' id='word_1_88' title='bbox 1623 1740 1746 1786; x_wconf 91' lang='lat' dir='ltr'><strong>nec</strong></span> <span class='ocrx_word' id='word_1_89' title='bbox 1802 1719 2079 1811; x_wconf 82' lang='lat' dir='ltr'><strong>quaestio</strong></span> <span class='ocrx_word' id='word_1_90' title='bbox 2134 1716 2268 1788; x_wconf 89' lang='lat' dir='ltr'><strong>ulla</strong></span> <span class='ocrx_word' id='word_1_91' title='bbox 2322 1720 2392 1787; x_wconf 89' lang='lat' dir='ltr'><strong>in</strong></span> 
     </span>
     <span class='ocr_line' id='line_1_13' title="bbox 261 1821 2047 1916; baseline 0.001 -25"><span class='ocrx_word' id='word_1_92' title='bbox 261 1824 435 1893; x_wconf 88' lang='lat' dir='ltr'><strong>urbe</strong></span> <span class='ocrx_word' id='word_1_93' title='bbox 474 1824 602 1893; x_wconf 87' lang='lat' dir='ltr'><strong>hac</strong></span> <span class='ocrx_word' id='word_1_94' title='bbox 639 1823 722 1892; x_wconf 91' lang='lat' dir='ltr'><strong>de</strong></span> <span class='ocrx_word' id='word_1_95' title='bbox 760 1848 831 1891; x_wconf 84' lang='lat' dir='ltr'><strong>re</strong></span> <span class='ocrx_word' id='word_1_96' title='bbox 871 1822 1133 1905; x_wconf 88' lang='lat' dir='ltr'><strong>habita,</strong></span> <span class='ocrx_word' id='word_1_97' title='bbox 1171 1847 1292 1892; x_wconf 85' lang='lat' dir='ltr'><strong>nec</strong></span> <span class='ocrx_word' id='word_1_98' title='bbox 1329 1821 1594 1916; x_wconf 83' lang='lat' dir='ltr'><strong>querela</strong></span> <span class='ocrx_word' id='word_1_99' title='bbox 1633 1837 1891 1892; x_wconf 82' lang='lat' dir='ltr'><strong>versata</strong></span> <span class='ocrx_word' id='word_1_100' title='bbox 1927 1838 2047 1892; x_wconf 88' lang='lat' dir='ltr'><strong>est.</strong></span> 
     </span>
    </p>
   </div>
   <div class='ocr_carea' id='block_1_3' title="bbox 743 2029 1904 2086">
    <p class='ocr_par' dir='ltr' id='par_1_4' title="bbox 743 2029 1904 2086">
     <span class='ocr_line' id='line_1_14' title="bbox 743 2029 1904 2086; baseline 0.002 -3"><span class='ocrx_word' id='word_1_101' title='bbox 743 2031 846 2084; x_wconf 86' lang='lat' dir='ltr'><strong>DE</strong></span> <span class='ocrx_word' id='word_1_102' title='bbox 887 2029 1262 2083; x_wconf 88' lang='lat' dir='ltr'><strong>ULTIONE</strong></span> <span class='ocrx_word' id='word_1_103' title='bbox 1303 2030 1904 2086; x_wconf 85' lang='lat' dir='ltr'><strong>EXTERNORUM.</strong></span> 
     </span>
    </p>
   </div>
   <div class='ocr_carea' id='block_1_4' title="bbox 389 2198 2398 2308">
    <p class='ocr_par' dir='ltr' id='par_1_5' title="bbox 389 2198 2398 2308">
     <span class='ocr_line' id='line_1_15' title="bbox 389 2198 2398 2308; baseline 0.003 -31"><span class='ocrx_word' id='word_1_104' title='bbox 389 2234 448 2277; x_wconf 83' lang='grc' dir='ltr'><strong>ι.</strong></span> <span class='ocrx_word' id='word_1_105' title='bbox 488 2209 702 2278; x_wconf 84' lang='lat' dir='ltr'><strong>Clarae</strong></span> <span class='ocrx_word' id='word_1_106' title='bbox 745 2207 1009 2276; x_wconf 88' lang='lat' dir='ltr'><strong>ultionis</strong></span> <span class='ocrx_word' id='word_1_107' title='bbox 1062 2210 1339 2302; x_wconf 81' lang='lat' dir='ltr'><strong>utraque</strong></span> <span class='ocrx_word' id='word_1_108' title='bbox 1386 2211 1646 2302; x_wconf 86' lang='lat' dir='ltr'><strong>regina,</strong></span> <span class='ocrx_word' id='word_1_109' title='bbox 1698 2223 1764 2276; x_wconf 91' lang='lat' dir='ltr'><strong>et</strong></span> <span class='ocrx_word' id='word_1_110' title='bbox 1804 2198 2212 2304; x_wconf 87' lang='lat' dir='ltr'><strong>Thamyris⁵‚</strong></span> <span class='ocrx_word' id='word_1_111' title='bbox 2255 2239 2398 2308; x_wconf 87' lang='lat' dir='ltr'><strong>quae</strong></span> 
     </span>
    </p>
   </div>
   <div class='ocr_carea' id='block_1_5' title="bbox 356 2414 1299 2484">
    <p class='ocr_par' dir='ltr' id='par_1_6' title="bbox 356 2414 1299 2484">
     <span class='ocr_line' id='line_1_16' title="bbox 356 2414 1299 2484; baseline -0.004 -15"><span class='ocrx_word' id='word_1_112' title='bbox 356 2435 407 2469; x_wconf 74' lang='grc' dir='ltr'><strong>ι.</strong></span> <span class='ocrx_word' id='word_1_113' title='bbox 436 2416 645 2469; x_wconf 78' lang='lat' dir='ltr'><strong>Corona.</strong></span> <span class='ocrx_word' id='word_1_114' title='bbox 668 2414 828 2481; x_wconf 86' lang='lat' dir='ltr'><strong>Quod</strong></span> <span class='ocrx_word' id='word_1_115' title='bbox 846 2414 1067 2484; x_wconf 76' lang='lat' dir='ltr'><strong>contigit</strong></span> <span class='ocrx_word' id='word_1_116' title='bbox 1095 2414 1299 2467; x_wconf 63' lang='lat' dir='ltr'><strong>manci·‘</strong></span> 
     </span>
    </p>
   </div>
   <div class='ocr_carea' id='block_1_6' title="bbox 267 2484 1310 3997">
    <p class='ocr_par' dir='ltr' id='par_1_7' title="bbox 267 2484 1294 2964">
     <span class='ocr_line' id='line_1_17' title="bbox 267 2484 1289 2567; baseline -0.002 -18"><span class='ocrx_word' id='word_1_117' title='bbox 267 2496 373 2567; x_wconf 84' lang='lat' dir='ltr'><strong>piis</strong></span> <span class='ocrx_word' id='word_1_118' title='bbox 412 2497 467 2547; x_wconf 87' lang='lat' dir='ltr'><strong>in</strong></span> <span class='ocrx_word' id='word_1_119' title='bbox 504 2497 643 2548; x_wconf 84' lang='lat' dir='ltr'><strong>bello</strong></span> <span class='ocrx_word' id='word_1_120' title='bbox 673 2484 852 2566; x_wconf 79' lang='lat' dir='ltr'><strong>captis.</strong></span> <span class='ocrx_word' id='word_1_121' title='bbox 887 2494 1022 2547; x_wconf 82' lang='lat' dir='ltr'><strong>Gen.</strong></span> <span class='ocrx_word' id='word_1_122' title='bbox 1065 2493 1197 2557; x_wconf 86' lang='lat' dir='ltr'><strong>vn,</strong></span> <span class='ocrx_word' id='word_1_123' title='bbox 1233 2501 1289 2558; x_wconf 75' lang='grc'><strong>4.</strong></span> 
     </span>
     <span class='ocr_line' id='line_1_18' title="bbox 355 2574 1289 2648; baseline -0.004 -18"><span class='ocrx_word' id='word_1_124' title='bbox 355 2597 407 2630; x_wconf 76' lang='lat' dir='ltr'><strong>a.</strong></span> <span class='ocrx_word' id='word_1_125' title='bbox 438 2576 703 2629; x_wconf 77' lang='lat' dir='ltr'><strong>Plurimum</strong></span> <span class='ocrx_word' id='word_1_126' title='bbox 726 2586 894 2648; x_wconf 75' lang='lat' dir='ltr'><strong>postea</strong></span> <span class='ocrx_word' id='word_1_127' title='bbox 934 2574 1221 2628; x_wconf 72' lang='lat' dir='ltr'><strong>Tusculani.</strong></span> <span class='ocrx_word' id='word_1_128' title='bbox 1241 2614 1254 2626; x_wconf 91' lang='lat'><strong>.</strong></span> <span class='ocrx_word' id='word_1_129' title='bbox 1274 2613 1289 2627; x_wconf 95' lang='lat'><strong>.</strong></span> 
     </span>
     <span class='ocr_line' id='line_1_19' title="bbox 267 2655 1291 2729; baseline -0.004 -20"><span class='ocrx_word' id='word_1_130' title='bbox 267 2661 501 2709; x_wconf 80' lang='lat' dir='ltr'><strong>neminem</strong></span> <span class='ocrx_word' id='word_1_131' title='bbox 518 2676 721 2729; x_wconf 82' lang='lat' dir='ltr'><strong>unquam</strong></span> <span class='ocrx_word' id='word_1_132' title='bbox 734 2655 1057 2707; x_wconf 70' lang='lat' dir='ltr'><strong>candidatam.</strong></span> <span class='ocrx_word' id='word_1_133' title='bbox 1080 2656 1161 2706; x_wconf 85' lang='lat' dir='ltr'><strong>Ita</strong></span> <span class='ocrx_word' id='word_1_134' title='bbox 1178 2673 1291 2706; x_wconf 90' lang='lat' dir='ltr'><strong>om-</strong></span> 
     </span>
     <span class='ocr_line' id='line_1_20' title="bbox 268 2732 1294 2804; baseline -0.006 -14"><span class='ocrx_word' id='word_1_135' title='bbox 268 2757 365 2790; x_wconf 87' lang='lat' dir='ltr'><strong>nes</strong></span> <span class='ocrx_word' id='word_1_136' title='bbox 378 2735 534 2790; x_wconf 83' lang='lat' dir='ltr'><strong>codd.</strong></span> <span class='ocrx_word' id='word_1_137' title='bbox 551 2736 706 2788; x_wconf 81' lang='lat' dir='ltr'><strong>MSS.</strong></span> <span class='ocrx_word' id='word_1_138' title='bbox 722 2749 774 2789; x_wconf 89' lang='lat' dir='ltr'><strong>et</strong></span> <span class='ocrx_word' id='word_1_139' title='bbox 794 2733 913 2788; x_wconf 89' lang='lat' dir='ltr'><strong>edd.</strong></span> <span class='ocrx_word' id='word_1_140' title='bbox 937 2732 1042 2786; x_wconf 87' lang='lat' dir='ltr'><strong>Sed</strong></span> <span class='ocrx_word' id='word_1_141' title='bbox 1059 2733 1294 2804; x_wconf 80' lang='lat' dir='ltr'><strong>Pighius,</strong></span> 
     </span>
     <span class='ocr_line' id='line_1_21' title="bbox 270 2811 1292 2957; baseline -0.004 -8"><span class='ocrx_word' id='word_1_142' title='bbox 270 2819 511 2949; x_wconf 53' lang='grc' dir='ltr'>Ἦ</span> <span class='ocrx_word' id='word_1_143' title='bbox 511 2815 764 2957; x_wconf 61' lang='lat' dir='ltr'><strong>‘eirs‘s</strong></span> <span class='ocrx_word' id='word_1_144' title='bbox 783 2811 1292 2885; x_wconf 59' lang='lat' dir='ltr'><strong>m..</strong></span> 
     </span>
     <span class='ocr_line' id='line_1_22' title="bbox 476 2911 1294 2956; baseline -0.006 -8"><span class='ocrx_word' id='word_1_145' title='bbox 476 2916 503 2948; x_wconf 87' lang='lat' dir='ltr'><strong>s</strong></span> <span class='ocrx_word' id='word_1_146' title='bbox 652 2935 666 2948; x_wconf 93' lang='lat'><strong>.</strong></span> <span class='ocrx_word' id='word_1_147' title='bbox 754 2934 768 2948; x_wconf 94' lang='lat'><strong>.</strong></span> <span class='ocrx_word' id='word_1_148' title='bbox 932 2911 952 2956; x_wconf 69' lang='grc' dir='ltr'><strong>ς</strong></span> <span class='ocrx_word' id='word_1_149' title='bbox 1074 2931 1086 2944; x_wconf 94' lang='grc'><strong><em>.</em></strong></span> <span class='ocrx_word' id='word_1_150' title='bbox 1279 2930 1294 2944; x_wconf 94' lang='grc'><strong><em>.</em></strong></span> 
     </span>
    </p>

    <p class='ocr_par' dir='ltr' id='par_1_8' title="bbox 274 2971 1308 3997">
     <span class='ocr_line' id='line_1_23' title="bbox 274 2971 1295 3039; baseline -0.003 -12"><span class='ocrx_word' id='word_1_151' title='bbox 274 2977 415 3038; x_wconf 81' lang='lat' dir='ltr'><strong>vu,</strong></span> <span class='ocrx_word' id='word_1_152' title='bbox 443 2978 473 3029; x_wconf 87' lang='lat'>3</span> <span class='ocrx_word' id='word_1_153' title='bbox 490 3013 508 3039; x_wconf 84' lang='lat'>‚</span> <span class='ocrx_word' id='word_1_154' title='bbox 530 2988 635 3028; x_wconf 86' lang='lat' dir='ltr'><strong>ext.</strong></span> <span class='ocrx_word' id='word_1_155' title='bbox 677 2971 760 3037; x_wconf 65' lang='grc' dir='ltr'><strong>ι.)</strong></span> <span class='ocrx_word' id='word_1_156' title='bbox 787 2974 1055 3028; x_wconf 82' lang='lat' dir='ltr'><strong>civitatem</strong></span> <span class='ocrx_word' id='word_1_157' title='bbox 1089 2971 1295 3038; x_wconf 83' lang='lat' dir='ltr'><strong>datam,</strong></span> 
     </span>
     <span class='ocr_line' id='line_1_24' title="bbox 275 3053 1294 3125; baseline -0.007 -16"><span class='ocrx_word' id='word_1_158' title='bbox 275 3057 350 3109; x_wconf 77' lang='lat' dir='ltr'><strong>ita</strong></span> <span class='ocrx_word' id='word_1_159' title='bbox 361 3055 694 3109; x_wconf 80' lang='lat' dir='ltr'><strong>reformavit:</strong></span> <span class='ocrx_word' id='word_1_160' title='bbox 704 3054 962 3125; x_wconf 77' lang='lat' dir='ltr'><strong>plurimum</strong></span> <span class='ocrx_word' id='word_1_161' title='bbox 978 3053 1294 3105; x_wconf 76' lang='lat' dir='ltr'><strong>Tusculani...</strong></span> 
     </span>
     <span class='ocr_line' id='line_1_25' title="bbox 275 3128 1297 3204; baseline -0.006 -16"><span class='ocrx_word' id='word_1_162' title='bbox 275 3140 505 3188; x_wconf 63' lang='lat' dir='ltr'><strong>nemmem</strong></span> <span class='ocrx_word' id='word_1_163' title='bbox 524 3147 690 3204; x_wconf 74' lang='lat' dir='ltr'><strong>postea</strong></span> <span class='ocrx_word' id='word_1_164' title='bbox 716 3133 1051 3186; x_wconf 72' lang='lat' dir='ltr'><strong>candidatum.</strong></span> <span class='ocrx_word' id='word_1_165' title='bbox 1069 3170 1083 3184; x_wconf 97' lang='lat'><strong>.</strong></span> <span class='ocrx_word' id='word_1_166' title='bbox 1107 3172 1121 3184; x_wconf 93' lang='lat'><strong>.</strong></span> <span class='ocrx_word' id='word_1_167' title='bbox 1142 3170 1154 3184; x_wconf 91' lang='lat'><strong>.</strong></span> <span class='ocrx_word' id='word_1_168' title='bbox 1195 3128 1297 3183; x_wconf 89' lang='lat' dir='ltr'><strong>Cui</strong></span> 
     </span>
     <span class='ocr_line' id='line_1_26' title="bbox 276 3210 1301 3283; baseline -0.004 -15"><span class='ocrx_word' id='word_1_169' title='bbox 276 3215 592 3269; x_wconf 76' lang='lat' dir='ltr'><strong>Perizonius</strong></span> <span class='ocrx_word' id='word_1_170' title='bbox 615 3213 854 3268; x_wconf 78' lang='lat' dir='ltr'><strong>assentiri</strong></span> <span class='ocrx_word' id='word_1_171' title='bbox 878 3212 1082 3283; x_wconf 85' lang='lat' dir='ltr'><strong>nequit.</strong></span> <span class='ocrx_word' id='word_1_172' title='bbox 1109 3210 1301 3264; x_wconf 78' lang='lat' dir='ltr'><strong>Civita-</strong></span> 
     </span>
     <span class='ocr_line' id='line_1_27' title="bbox 280 3288 1300 3364; baseline -0.006 -15"><span class='ocrx_word' id='word_1_173' title='bbox 280 3295 351 3349; x_wconf 82' lang='lat' dir='ltr'><strong>tis</strong></span> <span class='ocrx_word' id='word_1_174' title='bbox 362 3295 505 3347; x_wconf 85' lang='lat' dir='ltr'><strong>enim</strong></span> <span class='ocrx_word' id='word_1_175' title='bbox 518 3295 601 3364; x_wconf 86' lang='lat' dir='ltr'><strong>jus</strong></span> <span class='ocrx_word' id='word_1_176' title='bbox 613 3293 795 3350; x_wconf 83' lang='lat' dir='ltr'><strong>datum</strong></span> <span class='ocrx_word' id='word_1_177' title='bbox 807 3311 917 3345; x_wconf 88' lang='lat' dir='ltr'><strong>non</strong></span> <span class='ocrx_word' id='word_1_178' title='bbox 934 3309 1141 3361; x_wconf 80' lang='lat' dir='ltr'><strong>semper</strong></span> <span class='ocrx_word' id='word_1_179' title='bbox 1157 3288 1300 3344; x_wconf 85' lang='lat' dir='ltr'><strong>idem</strong></span> 
     </span>
     <span class='ocr_line' id='line_1_28' title="bbox 280 3369 1300 3444; baseline -0.005 -16"><span class='ocrx_word' id='word_1_180' title='bbox 280 3376 405 3428; x_wconf 77' lang='lat' dir='ltr'><strong>fuit.</strong></span> <span class='ocrx_word' id='word_1_181' title='bbox 418 3374 557 3426; x_wconf 84' lang='lat' dir='ltr'><strong>Hinc</strong></span> <span class='ocrx_word' id='word_1_182' title='bbox 583 3370 725 3444; x_wconf 87' lang='lat' dir='ltr'><strong>apud</strong></span> <span class='ocrx_word' id='word_1_183' title='bbox 744 3372 915 3425; x_wconf 82' lang='lat' dir='ltr'><strong>Liv.1.</strong></span> <span class='ocrx_word' id='word_1_184' title='bbox 932 3370 1066 3422; x_wconf 87' lang='lat' dir='ltr'>VIII</span> <span class='ocrx_word' id='word_1_185' title='bbox 1082 3408 1099 3436; x_wconf 87' lang='lat'>,</span> <span class='ocrx_word' id='word_1_186' title='bbox 1126 3388 1173 3423; x_wconf 88' lang='lat' dir='ltr'><strong>c.</strong></span> <span class='ocrx_word' id='word_1_187' title='bbox 1198 3369 1265 3429; x_wconf 72' lang='lat'><strong>14</strong></span> <span class='ocrx_word' id='word_1_188' title='bbox 1282 3408 1300 3435; x_wconf 88' lang='lat'>‚</span> 
     </span>
     <span class='ocr_line' id='line_1_29' title="bbox 280 3447 1306 3518; baseline -0.003 -11"><span class='ocrx_word' id='word_1_189' title='bbox 280 3454 556 3510; x_wconf 75' lang='lat' dir='ltr'><strong>nonnullis</strong></span> <span class='ocrx_word' id='word_1_190' title='bbox 596 3453 779 3505; x_wconf 81' lang='lat' dir='ltr'><strong>civitas</strong></span> <span class='ocrx_word' id='word_1_191' title='bbox 817 3453 920 3504; x_wconf 79' lang='lat' dir='ltr'><strong>sine</strong></span> <span class='ocrx_word' id='word_1_192' title='bbox 946 3452 1188 3518; x_wconf 68' lang='lat' dir='ltr'><strong>suffragio</strong></span> <span class='ocrx_word' id='word_1_193' title='bbox 1215 3447 1306 3504; x_wconf 75' lang='lat' dir='ltr'><strong>dn-</strong></span> 
     </span>
     <span class='ocr_line' id='line_1_30' title="bbox 284 3528 1305 3603; baseline -0.007 -16"><span class='ocrx_word' id='word_1_194' title='bbox 284 3548 410 3598; x_wconf 83' lang='lat' dir='ltr'><strong>tur‚</strong></span> <span class='ocrx_word' id='word_1_195' title='bbox 456 3533 675 3603; x_wconf 82' lang='lat' dir='ltr'><strong>reliquis</strong></span> <span class='ocrx_word' id='word_1_196' title='bbox 731 3551 836 3583; x_wconf 86' lang='lat' dir='ltr'><strong>cum</strong></span> <span class='ocrx_word' id='word_1_197' title='bbox 887 3531 1153 3597; x_wconf 64' lang='lat' dir='ltr'><strong>suffragio,</strong></span> <span class='ocrx_word' id='word_1_198' title='bbox 1212 3528 1305 3599; x_wconf 86' lang='lat' dir='ltr'><strong>qui</strong></span> 
     </span>
     <span class='ocr_line' id='line_1_31' title="bbox 286 3605 1306 3700; baseline -0.008 -33"><span class='ocrx_word' id='word_1_199' title='bbox 286 3615 444 3667; x_wconf 84' lang='lat' dir='ltr'><strong>etiam</strong></span> <span class='ocrx_word' id='word_1_200' title='bbox 460 3614 519 3666; x_wconf 90' lang='lat' dir='ltr'><strong>in</strong></span> <span class='ocrx_word' id='word_1_201' title='bbox 540 3610 671 3665; x_wconf 78' lang='lat' dir='ltr'><strong>duas</strong></span> <span class='ocrx_word' id='word_1_202' title='bbox 686 3629 849 3664; x_wconf 82' lang='lat' dir='ltr'><strong>novas</strong></span> <span class='ocrx_word' id='word_1_203' title='bbox 868 3609 1040 3664; x_wconf 87' lang='lat' dir='ltr'><strong>tribus</strong></span> <span class='ocrx_word' id='word_1_204' title='bbox 1055 3605 1306 3700; x_wconf 72' lang='lat' dir='ltr'><strong>adscripti</strong></span> 
     </span>
     <span class='ocr_line' id='line_1_32' title="bbox 285 3687 1307 3758; baseline -0.006 -12"><span class='ocrx_word' id='word_1_205' title='bbox 285 3706 428 3746; x_wconf 80' lang='lat' dir='ltr'><strong>sunt.</strong></span> <span class='ocrx_word' id='word_1_206' title='bbox 457 3693 635 3756; x_wconf 86' lang='lat' dir='ltr'><strong>Quare</strong></span> <span class='ocrx_word' id='word_1_207' title='bbox 666 3689 835 3745; x_wconf 83' lang='lat' dir='ltr'><strong>credit</strong></span> <span class='ocrx_word' id='word_1_208' title='bbox 862 3690 943 3742; x_wconf 89' lang='lat' dir='ltr'><strong>vir</strong></span> <span class='ocrx_word' id='word_1_209' title='bbox 969 3687 1191 3752; x_wconf 81' lang='lat' dir='ltr'><strong>doctus,</strong></span> <span class='ocrx_word' id='word_1_210' title='bbox 1224 3690 1307 3758; x_wconf 84' lang='lat' dir='ltr'><strong>jus</strong></span> 
     </span>
     <span class='ocr_line' id='line_1_33' title="bbox 286 3727 1308 3840; baseline -0.009 -13"><span class='ocrx_word' id='word_1_211' title='bbox 286 3772 513 3828; x_wconf 77' lang='lat' dir='ltr'><strong>civitatis</strong></span> <span class='ocrx_word' id='word_1_212' title='bbox 545 3772 657 3824; x_wconf 86' lang='lat' dir='ltr'><strong>sine</strong></span> <span class='ocrx_word' id='word_1_213' title='bbox 701 3769 954 3840; x_wconf 77' lang='lat' dir='ltr'><strong>suffragio</strong></span> <span class='ocrx_word' id='word_1_214' title='bbox 999 3727 1308 3821; x_wconf 75' lang='lat' dir='ltr'><strong>Tusculanis</strong></span> 
     </span>
     <span class='ocr_line' id='line_1_34' title="bbox 289 3835 1310 3922; baseline -0.007 -17"><span class='ocrx_word' id='word_1_215' title='bbox 289 3851 471 3905; x_wconf 73' lang='lat' dir='ltr'><strong>datum</strong></span> <span class='ocrx_word' id='word_1_216' title='bbox 514 3870 659 3914; x_wconf 84' lang='lat' dir='ltr'><strong>esse,</strong></span> <span class='ocrx_word' id='word_1_217' title='bbox 689 3862 867 3922; x_wconf 78' lang='lat' dir='ltr'><strong>postea</strong></span> <span class='ocrx_word' id='word_1_218' title='bbox 898 3867 1024 3902; x_wconf 79' lang='lat' dir='ltr'><strong>vero</strong></span> <span class='ocrx_word' id='word_1_219' title='bbox 1060 3847 1116 3900; x_wconf 87' lang='lat' dir='ltr'><strong>in</strong></span> <span class='ocrx_word' id='word_1_220' title='bbox 1154 3835 1310 3917; x_wconf 83' lang='lat' dir='ltr'><strong>Papi-</strong></span> 
     </span>
     <span class='ocr_line' id='line_1_35' title="bbox 291 3925 1307 3997; baseline -0.007 -12"><span class='ocrx_word' id='word_1_221' title='bbox 291 3933 423 3985; x_wconf 80' lang='lat' dir='ltr'><strong>riam</strong></span> <span class='ocrx_word' id='word_1_222' title='bbox 465 3931 664 3984; x_wconf 83' lang='lat' dir='ltr'><strong>tribum</strong></span> <span class='ocrx_word' id='word_1_223' title='bbox 713 3949 804 3983; x_wconf 90' lang='lat' dir='ltr'><strong>eos</strong></span> <span class='ocrx_word' id='word_1_224' title='bbox 848 3948 959 3982; x_wconf 88' lang='lat' dir='ltr'><strong>esse</strong></span> <span class='ocrx_word' id='word_1_225' title='bbox 999 3925 1307 3997; x_wconf 82' lang='lat' dir='ltr'><strong>adscriptos.</strong></span> 
     </span>
    </p>
   </div>
   <div class='ocr_carea' id='block_1_7' title="bbox 293 4006 1311 4160">
    <p class='ocr_par' dir='ltr' id='par_1_9' title="bbox 293 4006 1311 4160">
     <span class='ocr_line' id='line_1_36' title="bbox 293 4006 1310 4076; baseline -0.008 -11"><span class='ocrx_word' id='word_1_226' title='bbox 293 4013 406 4066; x_wconf 87' lang='lat' dir='ltr'><strong>Cur</strong></span> <span class='ocrx_word' id='word_1_227' title='bbox 423 4011 567 4064; x_wconf 88' lang='lat' dir='ltr'><strong>enim</strong></span> <span class='ocrx_word' id='word_1_228' title='bbox 593 4011 746 4063; x_wconf 81' lang='lat' dir='ltr'><strong>toties</strong></span> <span class='ocrx_word' id='word_1_229' title='bbox 764 4009 1113 4070; x_wconf 78' lang='lat' dir='ltr'><strong>rebellarent,</strong></span> <span class='ocrx_word' id='word_1_230' title='bbox 1135 4006 1179 4059; x_wconf 88' lang='lat' dir='ltr'><strong>si</strong></span> <span class='ocrx_word' id='word_1_231' title='bbox 1203 4007 1310 4076; x_wconf 86' lang='lat' dir='ltr'><strong>ple-</strong></span> 
     </span>
     <span class='ocr_line' id='line_1_37' title="bbox 294 4083 1311 4160; baseline -0.007 -17"><span class='ocrx_word' id='word_1_232' title='bbox 294 4110 423 4143; x_wconf 84' lang='lat' dir='ltr'><strong>num</strong></span> <span class='ocrx_word' id='word_1_233' title='bbox 453 4089 679 4143; x_wconf 78' lang='lat' dir='ltr'><strong>civitatis</strong></span> <span class='ocrx_word' id='word_1_234' title='bbox 703 4091 786 4160; x_wconf 86' lang='lat' dir='ltr'><strong>jus</strong></span> <span class='ocrx_word' id='word_1_235' title='bbox 821 4086 1106 4141; x_wconf 82' lang='lat' dir='ltr'><strong>haberent?</strong></span> <span class='ocrx_word' id='word_1_236' title='bbox 1131 4083 1233 4139; x_wconf 81' lang='lat' dir='ltr'><strong>sed</strong></span> <span class='ocrx_word' id='word_1_237' title='bbox 1267 4085 1311 4137; x_wconf 90' lang='lat' dir='ltr'><strong>si</strong></span> 
     </span>
    </p>
   </div>
   <div class='ocr_carea' id='block_1_8' title="bbox 296 4165 1312 4231">
    <p class='ocr_par' dir='ltr' id='par_1_10' title="bbox 296 4165 1312 4231">
     <span class='ocr_line' id='line_1_38' title="bbox 296 4165 1312 4231; baseline -0.004 -9"><span class='ocrx_word' id='word_1_238' title='bbox 296 4172 377 4222; x_wconf 76' lang='lat' dir='ltr'><strong>vel</strong></span> <span class='ocrx_word' id='word_1_239' title='bbox 409 4171 635 4222; x_wconf 80' lang='lat' dir='ltr'><strong>maxime</strong></span> <span class='ocrx_word' id='word_1_240' title='bbox 661 4166 793 4220; x_wconf 88' lang='lat' dir='ltr'><strong>illud</strong></span> <span class='ocrx_word' id='word_1_241' title='bbox 818 4168 1145 4231; x_wconf 78' lang='lat' dir='ltr'><strong>habuissent,</strong></span> <span class='ocrx_word' id='word_1_242' title='bbox 1177 4165 1312 4218; x_wconf 77' lang='lat' dir='ltr'><strong>veri-</strong></span> 
     </span>
    </p>
   </div>
   <div class='ocr_carea' id='block_1_9' title="bbox 410 4283 505 4346">
    <p class='ocr_par' dir='ltr' id='par_1_11' title="bbox 410 4283 505 4346">
     <span class='ocr_line' id='line_1_39' title="bbox 410 4283 505 4346; baseline -0.011 0"><span class='ocrx_word' id='word_1_243' title='bbox 410 4283 505 4346; x_wconf 92' lang='grc' dir='ltr'><strong>ΙΙ.</strong></span> 
     </span>
    </p>
   </div>
   <div class='ocr_carea' id='block_1_10' title="bbox 1373 2412 2404 3207">
    <p class='ocr_par' dir='ltr' id='par_1_12' title="bbox 1373 2412 2398 2804">
     <span class='ocr_line' id='line_1_40' title="bbox 1373 2412 2395 2482; baseline 0.007 -15"><span class='ocrx_word' id='word_1_244' title='bbox 1373 2414 1545 2467; x_wconf 86' lang='lat' dir='ltr'><strong>simile</strong></span> <span class='ocrx_word' id='word_1_245' title='bbox 1562 2412 2072 2482; x_wconf 80' lang='lat' dir='ltr'><strong>videmr‚Valerium</strong></span> <span class='ocrx_word' id='word_1_246' title='bbox 2094 2431 2268 2473; x_wconf 63' lang='lat' dir='ltr'><strong>nmen</strong></span> <span class='ocrx_word' id='word_1_247' title='bbox 2286 2439 2395 2474; x_wconf 84' lang='lat' dir='ltr'><strong>non</strong></span> 
     </span>
     <span class='ocr_line' id='line_1_41' title="bbox 1375 2495 2396 2568; baseline 0.009 -22"><span class='ocrx_word' id='word_1_248' title='bbox 1375 2495 1724 2558; x_wconf 84' lang='lat' dir='ltr'><strong>existimasse,</strong></span> <span class='ocrx_word' id='word_1_249' title='bbox 1755 2513 1843 2547; x_wconf 90' lang='lat' dir='ltr'><strong>eos</strong></span> <span class='ocrx_word' id='word_1_250' title='bbox 1868 2495 2024 2549; x_wconf 78' lang='lat' dir='ltr'><strong>fuisse</strong></span> <span class='ocrx_word' id='word_1_251' title='bbox 2050 2498 2159 2568; x_wconf 85' lang='lat' dir='ltr'><strong>jam</strong></span> <span class='ocrx_word' id='word_1_252' title='bbox 2189 2512 2303 2554; x_wconf 86' lang='lat' dir='ltr'><strong>tum</strong></span> <span class='ocrx_word' id='word_1_253' title='bbox 2322 2503 2396 2555; x_wconf 90' lang='lat' dir='ltr'><strong>ci-</strong></span> 
     </span>
     <span class='ocr_line' id='line_1_42' title="bbox 1376 2574 2398 2647; baseline 0.009 -19"><span class='ocrx_word' id='word_1_254' title='bbox 1376 2592 1465 2628; x_wconf 85' lang='lat' dir='ltr'><strong>ves</strong></span> <span class='ocrx_word' id='word_1_255' title='bbox 1489 2591 1763 2633; x_wconf 80' lang='lat' dir='ltr'><strong>romanos,</strong></span> <span class='ocrx_word' id='word_1_256' title='bbox 1792 2593 1957 2647; x_wconf 86' lang='lat' dir='ltr'><strong>quum</strong></span> <span class='ocrx_word' id='word_1_257' title='bbox 1983 2574 2051 2631; x_wconf 91' lang='lat' dir='ltr'><strong>de</strong></span> <span class='ocrx_word' id='word_1_258' title='bbox 2067 2577 2131 2631; x_wconf 88' lang='lat' dir='ltr'><strong>iis</strong></span> <span class='ocrx_word' id='word_1_259' title='bbox 2152 2582 2398 2637; x_wconf 84' lang='lat' dir='ltr'><strong>omnibus</strong></span> 
     </span>
     <span class='ocr_line' id='line_1_43' title="bbox 1376 2653 2397 2734; baseline 0.007 -26"><span class='ocrx_word' id='word_1_260' title='bbox 1376 2653 1588 2726; x_wconf 85' lang='lat' dir='ltr'><strong>capitali</strong></span> <span class='ocrx_word' id='word_1_261' title='bbox 1614 2654 1876 2726; x_wconf 88' lang='lat' dir='ltr'><strong>supplicio</strong></span> <span class='ocrx_word' id='word_1_262' title='bbox 1894 2655 2186 2712; x_wconf 82' lang='lat' dir='ltr'><strong>afficiendis</strong></span> <span class='ocrx_word' id='word_1_263' title='bbox 2207 2661 2276 2715; x_wconf 89' lang='lat' dir='ltr'><strong>ad</strong></span> <span class='ocrx_word' id='word_1_264' title='bbox 2301 2683 2397 2734; x_wconf 90' lang='lat' dir='ltr'><strong>po-</strong></span> 
     </span>
     <span class='ocr_line' id='line_1_44' title="bbox 1378 2734 1833 2804; baseline 0 -18"><span class='ocrx_word' id='word_1_265' title='bbox 1378 2734 1563 2804; x_wconf 87' lang='lat' dir='ltr'><strong>pulum</strong></span> <span class='ocrx_word' id='word_1_266' title='bbox 1592 2734 1833 2787; x_wconf 78' lang='lat' dir='ltr'><strong>ferretur.</strong></span> 
     </span>
    </p>

    <p class='ocr_par' dir='ltr' id='par_1_13' title="bbox 1378 2813 2401 3042">
     <span class='ocr_line' id='line_1_45' title="bbox 1463 2813 2401 2887; baseline 0.012 -22"><span class='ocrx_word' id='word_1_267' title='bbox 1463 2813 1515 2866; x_wconf 81' lang='lat'><strong>3.</strong></span> <span class='ocrx_word' id='word_1_268' title='bbox 1545 2813 1862 2884; x_wconf 69' lang='lat' dir='ltr'><strong>Approbavu.</strong></span> <span class='ocrx_word' id='word_1_269' title='bbox 1892 2818 1992 2868; x_wconf 77' lang='lat' dir='ltr'><strong>An.</strong></span> <span class='ocrx_word' id='word_1_270' title='bbox 2016 2817 2085 2870; x_wconf 91' lang='lat' dir='ltr'><strong>U.</strong></span> <span class='ocrx_word' id='word_1_271' title='bbox 2117 2822 2248 2887; x_wconf 86' lang='lat'><strong>669.</strong></span> <span class='ocrx_word' id='word_1_272' title='bbox 2282 2822 2401 2878; x_wconf 81' lang='lat' dir='ltr'><strong>Liv.</strong></span> 
     </span>
     <span class='ocr_line' id='line_1_46' title="bbox 1378 2893 2399 2965; baseline 0.011 -20"><span class='ocrx_word' id='word_1_273' title='bbox 1378 2893 1693 2958; x_wconf 74' lang='lat' dir='ltr'><strong>LXXXVI3</strong></span> <span class='ocrx_word' id='word_1_274' title='bbox 1715 2894 1868 2947; x_wconf 85' lang='lat' dir='ltr'><strong>Oros.</strong></span> <span class='ocrx_word' id='word_1_275' title='bbox 1891 2895 1961 2959; x_wconf 87' lang='lat' dir='ltr'><strong>V,</strong></span> <span class='ocrx_word' id='word_1_276' title='bbox 1989 2914 2088 2965; x_wconf 74' lang='lat'><strong>193</strong></span> <span class='ocrx_word' id='word_1_277' title='bbox 2111 2899 2222 2952; x_wconf 91' lang='lat' dir='ltr'><strong>Cic.</strong></span> <span class='ocrx_word' id='word_1_278' title='bbox 2245 2902 2399 2956; x_wconf 88' lang='lat' dir='ltr'><strong>Verr.</strong></span> 
     </span>
     <span class='ocr_line' id='line_1_47' title="bbox 1380 2973 1772 3042; baseline 0 -17"><span class='ocrx_word' id='word_1_279' title='bbox 1380 2973 1463 3025; x_wconf 92' lang='lat'><strong>111</strong></span> <span class='ocrx_word' id='word_1_280' title='bbox 1479 3009 1496 3036; x_wconf 86' lang='lat'>‚</span> <span class='ocrx_word' id='word_1_281' title='bbox 1532 2991 1602 3042; x_wconf 80' lang='lat'><strong>²7</strong></span> <span class='ocrx_word' id='word_1_282' title='bbox 1633 2986 1687 3026; x_wconf 86' lang='lat' dir='ltr'><strong>et</strong></span> <span class='ocrx_word' id='word_1_283' title='bbox 1719 2992 1772 3042; x_wconf 85' lang='lat'><strong>7.</strong></span> 
     </span>
    </p>

    <p class='ocr_par' dir='ltr' id='par_1_14' title="bbox 1380 3052 2404 3207">
     <span class='ocr_line' id='line_1_48' title="bbox 1466 3052 2402 3115; baseline 0.012 -12"><span class='ocrx_word' id='word_1_284' title='bbox 1466 3058 1517 3115; x_wconf 76' lang='grc'><strong>4.</strong></span> <span class='ocrx_word' id='word_1_285' title='bbox 1532 3052 1835 3106; x_wconf 80' lang='lat' dir='ltr'><strong>Hadrianus.</strong></span> <span class='ocrx_word' id='word_1_286' title='bbox 1858 3053 1960 3106; x_wconf 82' lang='lat' dir='ltr'><strong>Hic</strong></span> <span class='ocrx_word' id='word_1_287' title='bbox 1977 3054 2277 3111; x_wconf 83' lang='lat' dir='ltr'><strong>Hadrianus</strong></span> <span class='ocrx_word' id='word_1_288' title='bbox 2294 3063 2402 3114; x_wconf 90' lang='lat' dir='ltr'><strong>col-</strong></span> 
     </span>
     <span class='ocr_line' id='line_1_49' title="bbox 1380 3132 2404 3207; baseline 0.001 -24"><span class='ocrx_word' id='word_1_289' title='bbox 1380 3132 1512 3184; x_wconf 81' lang='lat' dir='ltr'><strong>lecta</strong></span> <span class='ocrx_word' id='word_1_290' title='bbox 1541 3149 1818 3185; x_wconf 82' lang='lat' dir='ltr'><strong>servorum</strong></span> <span class='ocrx_word' id='word_1_291' title='bbox 1837 3151 1998 3186; x_wconf 84' lang='lat' dir='ltr'><strong>manu</strong></span> <span class='ocrx_word' id='word_1_292' title='bbox 2024 3135 2304 3207; x_wconf 78' lang='lat' dir='ltr'><strong>imperium</strong></span> <span class='ocrx_word' id='word_1_293' title='bbox 2327 3143 2404 3194; x_wconf 70' lang='lat' dir='ltr'><strong>as.</strong></span> 
     </span>
    </p>
   </div>
   <div class='ocr_carea' id='block_1_11' title="bbox 1374 3211 2405 3276">
    <p class='ocr_par' dir='ltr' id='par_1_15' title="bbox 1374 3211 2405 3276">
     <span class='ocr_line' id='line_1_50' title="bbox 1374 3211 2405 3276; baseline 0.014 -15"><span class='ocrx_word' id='word_1_294' title='bbox 1374 3211 1621 3276; x_wconf 63' lang='lat' dir='ltr'><strong>secavit,</strong></span> <span class='ocrx_word' id='word_1_295' title='bbox 1641 3223 1697 3264; x_wconf 90' lang='lat' dir='ltr'><strong>et</strong></span> <span class='ocrx_word' id='word_1_296' title='bbox 1716 3211 1886 3265; x_wconf 78' lang='lat' dir='ltr'><strong>Uticae</strong></span> <span class='ocrx_word' id='word_1_297' title='bbox 1901 3212 2041 3267; x_wconf 78' lang='lat' dir='ltr'><strong>cives</strong></span> <span class='ocrx_word' id='word_1_298' title='bbox 2059 3235 2193 3269; x_wconf 89' lang='lat' dir='ltr'><strong>rom.</strong></span> <span class='ocrx_word' id='word_1_299' title='bbox 2214 3219 2405 3275; x_wconf 88' lang='lat' dir='ltr'><strong>crude-</strong></span> 
     </span>
    </p>
   </div>
   <div class='ocr_carea' id='block_1_12' title="bbox 1380 3289 2418 4243">
    <p class='ocr_par' dir='ltr' id='par_1_16' title="bbox 1380 3289 2412 3902">
     <span class='ocr_line' id='line_1_51' title="bbox 1383 3289 2405 3362; baseline 0.012 -20"><span class='ocrx_word' id='word_1_300' title='bbox 1383 3289 1506 3343; x_wconf 84' lang='lat' dir='ltr'><strong>liter</strong></span> <span class='ocrx_word' id='word_1_301' title='bbox 1534 3290 1743 3343; x_wconf 78' lang='lat' dir='ltr'><strong>vexavit</strong></span> <span class='ocrx_word' id='word_1_302' title='bbox 1767 3310 1782 3344; x_wconf 88' lang='lat'>:</span> <span class='ocrx_word' id='word_1_303' title='bbox 1816 3291 2042 3362; x_wconf 86' lang='lat' dir='ltr'><strong>ideoque</strong></span> <span class='ocrx_word' id='word_1_304' title='bbox 2071 3314 2102 3348; x_wconf 85' lang='lat' dir='ltr'><strong>a</strong></span> <span class='ocrx_word' id='word_1_305' title='bbox 2131 3315 2405 3354; x_wconf 77' lang='lat' dir='ltr'><strong>servorum</strong></span> 
     </span>
     <span class='ocr_line' id='line_1_52' title="bbox 1386 3367 2408 3433; baseline 0.014 -13"><span class='ocrx_word' id='word_1_306' title='bbox 1386 3367 1615 3422; x_wconf 85' lang='lat' dir='ltr'><strong>dominis</strong></span> <span class='ocrx_word' id='word_1_307' title='bbox 1634 3371 1782 3422; x_wconf 87' lang='lat' dir='ltr'><strong>omni</strong></span> <span class='ocrx_word' id='word_1_308' title='bbox 1813 3389 1935 3424; x_wconf 85' lang='lat' dir='ltr'><strong>cum</strong></span> <span class='ocrx_word' id='word_1_309' title='bbox 1964 3373 2159 3427; x_wconf 78' lang='lat' dir='ltr'><strong>familia</strong></span> <span class='ocrx_word' id='word_1_310' title='bbox 2188 3381 2408 3433; x_wconf 86' lang='lat' dir='ltr'><strong>combu-</strong></span> 
     </span>
     <span class='ocr_line' id='line_1_53' title="bbox 1380 3449 2407 3523; baseline 0.011 -22"><span class='ocrx_word' id='word_1_311' title='bbox 1380 3460 1497 3502; x_wconf 72' lang='lat' dir='ltr'><strong>stus</strong></span> <span class='ocrx_word' id='word_1_312' title='bbox 1519 3460 1616 3501; x_wconf 80' lang='lat' dir='ltr'><strong>est.</strong></span> <span class='ocrx_word' id='word_1_313' title='bbox 1645 3481 1726 3491; x_wconf 94' lang='lat'>—</span> <span class='ocrx_word' id='word_1_314' title='bbox 1760 3449 1969 3502; x_wconf 72' lang='lat' dir='ltr'><strong>Sordida</strong></span> <span class='ocrx_word' id='word_1_315' title='bbox 1999 3455 2209 3523; x_wconf 73' lang='lat' dir='ltr'><strong>imperio.</strong></span> <span class='ocrx_word' id='word_1_316' title='bbox 2237 3459 2407 3511; x_wconf 78' lang='lat' dir='ltr'><strong>Sordi-</strong></span> 
     </span>
     <span class='ocr_line' id='line_1_54' title="bbox 1389 3528 2407 3605; baseline 0.011 -25"><span class='ocrx_word' id='word_1_317' title='bbox 1389 3528 1503 3580; x_wconf 79' lang='lat' dir='ltr'><strong>dum</strong></span> <span class='ocrx_word' id='word_1_318' title='bbox 1535 3529 1764 3600; x_wconf 81' lang='lat' dir='ltr'><strong>appellat</strong></span> <span class='ocrx_word' id='word_1_319' title='bbox 1801 3533 2071 3601; x_wconf 58' lang='lat' dir='ltr'><strong>mpetum,</strong></span> <span class='ocrx_word' id='word_1_320' title='bbox 2116 3536 2262 3605; x_wconf 89' lang='lat' dir='ltr'><strong>quod</strong></span> <span class='ocrx_word' id='word_1_321' title='bbox 2299 3538 2407 3591; x_wconf 85' lang='lat' dir='ltr'><strong>Ha-</strong></span> 
     </span>
     <span class='ocr_line' id='line_1_55' title="bbox 1390 3606 2408 3680; baseline 0.011 -20"><span class='ocrx_word' id='word_1_322' title='bbox 1390 3606 1613 3661; x_wconf 87' lang='lat' dir='ltr'><strong>drianus</strong></span> <span class='ocrx_word' id='word_1_323' title='bbox 1649 3608 1844 3673; x_wconf 79' lang='lat' dir='ltr'><strong>servis,</strong></span> <span class='ocrx_word' id='word_1_324' title='bbox 1885 3610 1977 3680; x_wconf 89' lang='lat' dir='ltr'><strong>qui</strong></span> <span class='ocrx_word' id='word_1_325' title='bbox 2012 3611 2193 3667; x_wconf 84' lang='lat' dir='ltr'><strong>sordes</strong></span> <span class='ocrx_word' id='word_1_326' title='bbox 2229 3628 2282 3668; x_wconf 89' lang='lat' dir='ltr'><strong>et</strong></span> <span class='ocrx_word' id='word_1_327' title='bbox 2323 3619 2408 3671; x_wconf 83' lang='lat' dir='ltr'><strong>fex</strong></span> 
     </span>
     <span class='ocr_line' id='line_1_56' title="bbox 1394 3685 2409 3759; baseline 0.011 -20"><span class='ocrx_word' id='word_1_328' title='bbox 1394 3687 1580 3759; x_wconf 87' lang='lat' dir='ltr'><strong>populi</strong></span> <span class='ocrx_word' id='word_1_329' title='bbox 1597 3685 1908 3741; x_wconf 80' lang='lat' dir='ltr'><strong>dicebantur</strong></span> <span class='ocrx_word' id='word_1_330' title='bbox 1924 3726 1940 3752; x_wconf 85' lang='lat'>‚</span> <span class='ocrx_word' id='word_1_331' title='bbox 1965 3708 2089 3744; x_wconf 83' lang='lat' dir='ltr'><strong>usus</strong></span> <span class='ocrx_word' id='word_1_332' title='bbox 2104 3705 2183 3746; x_wconf 86' lang='lat' dir='ltr'><strong>est</strong></span> <span class='ocrx_word' id='word_1_333' title='bbox 2205 3692 2271 3746; x_wconf 85' lang='lat' dir='ltr'><strong>ad</strong></span> <span class='ocrx_word' id='word_1_334' title='bbox 2289 3713 2409 3750; x_wconf 83' lang='lat' dir='ltr'><strong>ava-</strong></span> 
     </span>
     <span class='ocr_line' id='line_1_57' title="bbox 1393 3766 2412 3830; baseline 0.01 -10"><span class='ocrx_word' id='word_1_335' title='bbox 1393 3768 1571 3821; x_wconf 86' lang='lat' dir='ltr'><strong>ritiam</strong></span> <span class='ocrx_word' id='word_1_336' title='bbox 1607 3780 1660 3830; x_wconf 86' lang='lat' dir='ltr'><strong>et</strong></span> <span class='ocrx_word' id='word_1_337' title='bbox 1701 3766 2064 3823; x_wconf 83' lang='lat' dir='ltr'><strong>crudelitatem</strong></span> <span class='ocrx_word' id='word_1_338' title='bbox 2099 3787 2283 3828; x_wconf 86' lang='lat' dir='ltr'><strong>contra</strong></span> <span class='ocrx_word' id='word_1_339' title='bbox 2314 3774 2412 3829; x_wconf 82' lang='lat' dir='ltr'><strong>do-</strong></span> 
     </span>
     <span class='ocr_line' id='line_1_58' title="bbox 1396 3845 1955 3902; baseline 0.002 -3"><span class='ocrx_word' id='word_1_340' title='bbox 1396 3846 1566 3902; x_wconf 81' lang='lat' dir='ltr'><strong>minos</strong></span> <span class='ocrx_word' id='word_1_341' title='bbox 1595 3845 1955 3901; x_wconf 82' lang='lat' dir='ltr'><strong>exercendam.</strong></span> 
     </span>
    </p>

    <p class='ocr_par' dir='ltr' id='par_1_17' title="bbox 1397 3927 2418 4243">
     <span class='ocr_line' id='line_1_59' title="bbox 1480 3927 2417 4004; baseline 0.011 -24"><span class='ocrx_word' id='word_1_342' title='bbox 1480 3927 1533 3980; x_wconf 85' lang='lat'><strong>5.</strong></span> <span class='ocrx_word' id='word_1_343' title='bbox 1570 3927 1840 3997; x_wconf 77' lang='lat' dir='ltr'><strong>Thamyris.</strong></span> <span class='ocrx_word' id='word_1_344' title='bbox 1873 3928 2084 3982; x_wconf 84' lang='lat' dir='ltr'><strong>Rectius</strong></span> <span class='ocrx_word' id='word_1_345' title='bbox 2108 3949 2122 3983; x_wconf 89' lang='lat'>:</span> <span class='ocrx_word' id='word_1_346' title='bbox 2150 3932 2417 4004; x_wconf 82' lang='lat' dir='ltr'><strong>Tomyris,</strong></span> 
     </span>
     <span class='ocr_line' id='line_1_60' title="bbox 1397 4006 2418 4077; baseline 0.013 -20"><span class='ocrx_word' id='word_1_347' title='bbox 1397 4006 1804 4075; x_wconf 72' lang='lat' dir='ltr'><strong>Massagetarum</strong></span> <span class='ocrx_word' id='word_1_348' title='bbox 1828 4008 2026 4077; x_wconf 79' lang='lat' dir='ltr'><strong>regina.</strong></span> <span class='ocrx_word' id='word_1_349' title='bbox 2065 4008 2192 4063; x_wconf 86' lang='lat' dir='ltr'><strong>vid.</strong></span> <span class='ocrx_word' id='word_1_350' title='bbox 2224 4013 2418 4070; x_wconf 80' lang='lat' dir='ltr'><strong>Justin.</strong></span> 
     </span>
     <span class='ocr_line' id='line_1_61' title="bbox 1397 4084 2414 4154; baseline 0.012 -17"><span class='ocrx_word' id='word_1_351' title='bbox 1397 4085 1491 4138; x_wconf 87' lang='lat' dir='ltr'><strong>lib.</strong></span> <span class='ocrx_word' id='word_1_352' title='bbox 1512 4086 1568 4148; x_wconf 73' lang='lat'><strong>13</strong></span> <span class='ocrx_word' id='word_1_353' title='bbox 1595 4084 1954 4151; x_wconf 80' lang='lat' dir='ltr'><strong>Herodotum,</strong></span> <span class='ocrx_word' id='word_1_354' title='bbox 1985 4087 2076 4141; x_wconf 90' lang='lat' dir='ltr'><strong>lib.</strong></span> <span class='ocrx_word' id='word_1_355' title='bbox 2102 4091 2157 4154; x_wconf 77' lang='lat'><strong>13</strong></span> <span class='ocrx_word' id='word_1_356' title='bbox 2182 4093 2414 4148; x_wconf 74' lang='lat' dir='ltr'><strong>Ammia-</strong></span> 
     </span>
     <span class='ocr_line' id='line_1_62' title="bbox 1401 4165 2382 4243; baseline 0.013 -27"><span class='ocrx_word' id='word_1_357' title='bbox 1401 4183 1529 4217; x_wconf 88' lang='lat' dir='ltr'><strong>num</strong></span> <span class='ocrx_word' id='word_1_358' title='bbox 1554 4165 1788 4218; x_wconf 83' lang='lat' dir='ltr'><strong>Marcell.</strong></span> <span class='ocrx_word' id='word_1_359' title='bbox 1817 4165 1910 4218; x_wconf 90' lang='lat' dir='ltr'><strong>lib.</strong></span> <span class='ocrx_word' id='word_1_360' title='bbox 1939 4166 2159 4234; x_wconf 81' lang='lat' dir='ltr'><strong>XXIII,</strong></span> <span class='ocrx_word' id='word_1_361' title='bbox 2181 4190 2295 4243; x_wconf 84' lang='lat' dir='ltr'><strong>cap.</strong></span> <span class='ocrx_word' id='word_1_362' title='bbox 2325 4178 2382 4229; x_wconf 88' lang='lat'><strong>6.</strong></span> 
     </span>
    </p>
   </div>
   <div class='ocr_carea' id='block_1_13' title="bbox 1980 4301 2062 4347">
    <p class='ocr_par' dir='ltr' id='par_1_18' title="bbox 1980 4301 2062 4347">
     <span class='ocr_line' id='line_1_63' title="bbox 1980 4301 2062 4347; baseline 0.037 -3"><span class='ocrx_word' id='word_1_363' title='bbox 1980 4301 2062 4347; x_wconf 76' lang='lat'><strong>12</strong></span> 
     </span>
    </p>
   </div>
  </div>
 </body>
</html>
