3143 5204
519 492 739 561 CAP.
795 493 946 579 v1,
999 475 1138 561 m:
1191 493 1934 562 NEcsssslTATE.
2197 491 2294 580 45

189 626 417 695 exitum
452 622 771 693 attribuit.
814 627 1035 693 Avaro
1073 625 1246 694 enim
1285 623 1460 693 fame
1497 640 1894 721 consumpto
1914 680 1932 714 ,
1977 626 2300 696 manubiis

189 731 460 802 sordium
488 729 507 754 ¹
548 753 816 800 suarum
856 730 987 799 frui
1027 755 1165 800 non
1205 728 1390 799 licuit
1423 757 1437 798 ε
1478 734 1649 825 aequi
1692 734 1892 801 animi
1932 733 2036 800 vir
2076 733 2160 802 ad
2199 758 2302 803 sa-

188 836 446 908 lutarem
476 838 840 934 impensam
865 836 1266 925 faciendam,
1295 861 1446 906 care
1471 837 1741 932 quidem
1762 892 1782 925 ,
1810 862 2042 908 verum
2074 865 2298 911 neces-

190 947 371 1033 sarie,
404 959 794 1039 comparato
838 943 988 1013 cibo
1023 945 1202 1013 vixit.

282 1083 344 1164 4.
385 1081 461 1148 C.
502 1092 725 1146 autem
770 1078 989 1146 Mario
1025 1091 1092 1145 et
1132 1079 1255 1146 Cn.
1298 1077 1610 1145 Carbone
1646 1076 2024 1147 consulibus
2049 1075 2094 1165 ²,
2126 1077 2299 1149 bello

189 1183 341 1253 civili
371 1210 525 1254 cum
568 1186 644 1253 L.
682 1181 861 1253 Sulla
891 1182 1385 1268 dissidentibuS,
1414 1208 1546 1278 quo
1580 1197 1880 1279 tempore
1911 1210 2047 1253 non
2084 1186 2300 1279 reipu-

190 1289 354 1361 blicoe
383 1291 665 1361 victoria
693 1290 1145 1385 quaerebatur,
1174 1289 1288 1359 sed
1325 1291 1667 1384 praemium
1699 1291 1988 1360 victoriae
2025 1315 2128 1359 res
2160 1305 2302 1360 erat

189 1396 430 1492 publica
448 1450 470 1484 ,
498 1395 1065 1467 senatusconsulto
1097 1420 1298 1466 aurea
1334 1411 1530 1491 atque
1558 1411 1870 1491 argentea
1899 1396 2300 1493 templorum

189 1518 560 1573 ornamenta
580 1559 599 1592 ‚
629 1528 713 1574 ne
742 1502 1054 1572 militibus
1086 1502 1411 1598 stipendia
1438 1502 1775 1590 deessent,
1803 1504 2088 1573 conflata
2118 1520 2301 1590 sunt3

191 1609 367 1706 digna
423 1613 604 1679 enim
643 1625 789 1680 erat
830 1634 1064 1697 causa,
1111 1609 1266 1678 hine
1317 1634 1404 1678 an
1457 1609 1551 1678 illi
1608 1609 2063 1679 crudelitatem
2114 1636 2300 1681 suam

190 1719 650 1812 proscriptione
692 1718 936 1787 civium
976 1717 1329 1804 satiarent,
1371 1730 1448 1786 ut
1484 1715 1577 1785 dii
1618 1717 2022 1787 immortales
2064 1717 2301 1812 spolia-

192 1839 417 1895 rentur.
445 1827 602 1895 Non
625 1849 786 1919 ergo
814 1838 1078 1919 patrum
1107 1823 1634 1918 conscriptorum
1657 1821 1995 1912 voluntas,
2015 1823 2128 1892 sed
2157 1839 2304 1912 tua,

192 1933 503 2001 teterrima
529 1932 901 2003 Necessitas
918 1982 938 2018 ,
962 1927 1333 2000 truculenta
1362 1953 1599 1999 manus
1629 1927 1722 2001 illi
1750 1930 2053 2000 consulto
2081 1930 2301 2000 stilum

191 2037 496 2132 impressit
508 2023 551 2106 ³.

288 2169 349 2243 5.
404 2175 563 2243 Divi
619 2172 774 2241 Julii
827 2173 1185 2258 exercituS,
1229 2171 1297 2240 id
1350 2185 1486 2256 est,
1540 2172 1770 2239 invicti
1823 2170 2006 2240 ducis
2062 2172 2305 2240 invicta

193 2277 475 2369 dextera,
507 2305 716 2374 quum
762 2280 959 2348 armis
998 2277 1323 2347 Mundam
1371 2264 1748 2346 clausisset⁴
1785 2278 2139 2371 aggerique
2185 2302 2304 2345 ex-

194 2387 486 2456 struendo
514 2387 793 2456 materia
812 2384 1153 2472 deficeret,
1177 2384 1483 2478 congerie
1505 2381 1842 2451 hostilium
1870 2381 2266 2451 cadaverum
2286 2437 2304 2469 ‚

194 2515 371 2585 quam
411 2493 899 2563 desideraverat
932 2489 1344 2561 altitudinem
1387 2490 1727 2578 instruxit3
1762 2513 2036 2583 eamque
2074 2503 2307 2583 tragu-

194 2584 296 2668 lis⁵
321 2614 384 2669 et
419 2599 602 2696 pilis,
636 2601 790 2695 quia
832 2600 1129 2670 roboreae
1175 2597 1369 2668 sudes
1411 2596 1722 2685 deerant,
1754 2596 2065 2692 magistra
2113 2620 2304 2667 novae

197 2704 522 2776 molitionis
557 2709 949 2778 necessitate
988 2731 1147 2776 usus
1189 2704 1477 2775 vallavit.

290 2836 350 2908 6.
400 2843 618 2935 Atque
683 2855 758 2909 ut
817 2839 1108 2909 divinam
1160 2838 1273 2908 filii
1326 2839 1732 2907 mentionem
1783 2836 2056 2907 caelestis
2099 2837 2305 2931 patris

272 3067 316 3101 1.
340 3048 575 3102 Son-dium.
605 3048 877 3115 Avaritia-23
899 3048 1026 3120 quia
1054 3048 1192 3101 nihil

202 3125 440 3182 hominem
456 3127 635 3183 reddit
648 3126 1019 3194 sordidior-ein,
1033 3146 1192 3199 quam

1279 3047 1485 3117 vitque,
1507 3043 1772 3117 oppressis
1793 3044 2047 3099 Marianis
2059 3046 2302 3116 rempub.

1278 3126 1496 3178 liberam
1536 3126 1669 3178 fore.
1703 3125 1964 3190 Quocirca
2000 3125 2304 3177 necessitate

267 3308 314 3341 α.
354 3289 658 3344 Consulibus.
694 3290 798 3341 An·
831 3288 902 3341 U.
940 3292 1074 3357 671.
1113 3318 1193 3329 —

204 3365 399 3438 Conflata
421 3382 550 3424 aaut.
579 3368 685 3423 AEs
709 3369 964 3439 conflarunt
995 3365 1193 3421 dicitur

200 3445 246 3498 in
280 3450 523 3520 signatam
569 3450 851 3520 pecuniam
893 3445 1194 3500 redactnmz

200 3545 254 3577 ω
271 3547 407 3596 gnae
435 3526 809 3582 tantummodo
835 3539 1125 3598 pensatur«

266 3607 315 3661 3.
344 3611 600 3681 Inpressit.
636 3606 704 3660 Id
734 3620 811 3660 est
829 3645 845 3672 ,
876 3617 1115 3673 senatus,
1139 3606 1194 3659 vi

200 3700 409 3754 coactus,
441 3687 708 3752 decrevit,
739 3699 802 3739 nt
832 3698 1091 3739 autumet
1111 3705 1194 3738 ar-

198 3779 389 3835 guitum
422 3787 452 3820 e
491 3768 706 3839 templis
742 3766 1054 3819 auferretur.
1092 3766 1195 3818 Alii

198 3844 397 3901 ironim
431 3850 534 3902 hoc
577 3849 700 3901 Ioco
737 3847 988 3899 invenere
1007 3877 1025 3904 ‚
1074 3846 1197 3916 qnia

198 3926 335 3980 atius
351 3928 533 3993 fuerit,
548 3929 872 3998 templorum
890 3939 1195 3978 ornamenta

197 4006 281 4059 tub
298 4006 526 4061 Mariana
559 4008 788 4061 factione
813 4007 953 4059 salva
973 4005 1167 4057 habere
1181 4044 1195 4068 ,

198 4100 333 4154 quam
346 4088 498 4159 Syuae
517 4102 749 4159 tyranno
763 4086 1078 4158 relinquere.
1093 4083 1196 4136 Sed

197 4159 327 4220 latuit
347 4181 583 4220 senatum
617 4166 773 4219 Sulla
793 4167 998 4218 animus
1025 4184 1200 4237 spera-

1277 3206 1525 3277 compelli
1546 3206 1816 3270 visisunt,
1842 3203 1998 3257 Sulla
2022 3205 2161 3257 ferre
2182 3224 2305 3276 sup·

1278 3286 1459 3357 petias.
1497 3286 1577 3338 Ita
1606 3285 1710 3338 hoc
1734 3286 1853 3339 loco
1884 3303 1996 3336 non
2022 3284 2303 3338 admitten-

1280 3364 1347 3418 da
1373 3378 1451 3418 est
1480 3365 1665 3419 ironia.

1366 3452 1415 3508 4.
1455 3443 1734 3497 Clausi-sset.
1787 3443 1851 3496 Id
1892 3443 2115 3514 contigit
2164 3444 2306 3497 bello

1280 3525 1604 3596 hispaniensi
1641 3523 1890 3577 adversus
1928 3524 2029 3577 Cn.
2073 3536 2126 3575 et
2157 3523 2300 3576 Sext.

1281 3605 1580 3675 Pompeios.
1603 3605 1702 3656 An.
1722 3605 1791 3657 U.
1809 3605 1937 3674 708.
1964 3603 2178 3667 Munda,
2211 3621 2306 3674 op-

1281 3683 1470 3757 pidum
1508 3684 1812 3755 Hispaniae,
1844 3683 1936 3736 ubi
1975 3696 2081 3736 tam
2115 3701 2306 3753 anceps

1282 3763 1378 3820 diu
1402 3777 1455 3817 et
1476 3764 1626 3817 triste
1647 3765 1913 3835 pueliam,
1928 3763 2083 3834 quale
2103 3762 2190 3816 vix
2212 3781 2303 3814 an·

1283 3858 1397 3910 tea,
1430 3857 1489 3897 ut
1512 3844 1686 3897 Caesar
1716 3846 1823 3915 jam
1853 3841 1921 3895 de
1951 3843 2198 3894 extremis
2217 3859 2308 3895 co·

1282 3926 1486 3996 gitaret.
1506 3921 1639 3975 vid.
1667 3924 1799 3986 Dio,
1822 3924 2019 3974 XLIII.

1389 4006 1439 4057 5.
1490 4006 1540 4056 T
1533 4004 1736 4073 nugulis.
1777 4002 2007 4071 Traguloe
2043 4014 2167 4055 sunt
2203 4005 2304 4055 tela

1284 4085 1469 4155 gallica
1498 4103 1511 4136 t
1543 4084 1682 4135 sudes
1719 4097 1893 4135 autem
1926 4082 2032 4151 pali
2065 4083 2204 4134 acuti
2241 4100 2305 4135 ex

1287 4177 1508 4235 utraque
1522 4177 1671 4236 parte
1689 4163 1742 4215 in
1759 4162 2057 4215 summitate
2074 4163 2302 4233 praeusti.
