3143 5204
720 453 860 550 176

1092 454 1529 523 VALERII
1588 453 1997 520 MAXIMI
2053 452 2241 520 LIB.
2298 452 2429 519 IX.

707 586 1014 658 collusori
1059 585 1357 669 dixisset,
1415 584 1699 670 Occide3
1751 598 1818 652 et
1867 583 2036 652 forte
2080 586 2532 652 Romanorum
2580 580 2781 677 legati
2807 581 2828 607 ¹

705 696 1244 761 intervenissent:
1287 690 1593 760 satellites
1623 691 1796 782 ejus,
1832 715 2056 758 errore
2085 693 2263 758 vocis
2292 688 2589 784 impulsi,
2627 691 2828 758 inter·

710 799 991 868 ficiendo
1028 798 1276 892 legatos
1315 796 1530 866 lusum
1575 797 1656 864 ad
1694 799 2042 891 imperium
2082 796 2572 865 transtulerunt.

1445 1030 1903 1119 CAPUT
1984 1030 2100 1116 X.

1338 1256 1428 1317 De
1464 1254 1698 1317 ultione
1733 1253 2187 1317 Romanorum.

745 1465 786 1496 1.
810 1448 1001 1510 Papiria·
1023 1447 1173 1495 tribus
1188 1446 1564 1497 ,Tusculanorum
1587 1426 1848 1491 iu'Poliam.
1868 1471 1931 1481 -
1961 1462 2002 1492 2.
2027 1447 2195 1508 Populi
2217 1447 2435 1493 uticensis
2460 1446 2511 1492 iu
2532 1447 2583 1495 C.
2608 1446 2802 1493 fabium

1621 1527 1916 1573 Hadrianum.

1351 1691 1445 1753 De
1470 1688 1707 1754 ultione
1729 1690 1791 1752 E
1793 1701 2180 1754 xternorum.

790 1906 832 1937 ι.
857 1888 1100 1947 Thamyrin
1124 1896 1171 1932 et
1190 1885 1436 1932 Beronices
1459 1883 1740 1946 reginarum.
1760 1910 1820 1919 —-
1838 1898 1882 1930 α.
1907 1887 2137 1931 Juvenum
2158 1884 2464 1946 quorumdam
2486 1889 2763 1934 Gra-comm.

1156 2062 1263 2114 DE
1316 2059 1720 2112 ULTIONE
1778 2059 2366 2114 ROMANORUM.

813 2248 1101 2319 Ultionis
1139 2260 1360 2316 autem
1404 2244 1962 2339 quemadmodum
2007 2270 2226 2332 acres,
2263 2249 2352 2314 ita
2384 2245 2578 2340 justi²
2622 2245 2834 2316 aculei

709 2373 909 2439 sunt;
953 2356 1062 2449 qui
1106 2353 1385 2421 lacessiti
1426 2353 1875 2437 concitantur,
1919 2366 2261 2445 acceptum
2310 2351 2603 2421 dolorem
2662 2378 2833 2448 pen-

706 2490 851 2534 sare
895 2462 1275 2555 cupientes:
1322 2483 1487 2552 quos
1525 2456 1718 2525 latius
1755 2457 2102 2551 complecti
2140 2484 2275 2526 non
2314 2461 2564 2527 attinet.

823 2595 880 2643 ι.
924 2570 1018 2637 Μ.
1052 2550 1337 2635 Flavius³
1383 2562 1686 2632 tribunus
1743 2562 1947 2657 plebis
1987 2563 2072 2632 ad
2104 2563 2422 2660 populum
2465 2564 2548 2634 de
2580 2567 2835 2635 Tuscu-

710 2679 873 2748 lanis
915 2673 1137 2743 retulit
1150 2725 1167 2755 ,
1199 2670 1376 2763 quod
1404 2694 1632 2742 eorum
1663 2672 1943 2739 comilio
1966 2673 2347 2739 Veliternos
2372 2676 2830 2741 Privernates-

710 2810 843 2880 que
889 2779 1255 2848 rebellatos
1314 2775 1599 2844 diceret:
1654 2778 1768 2869 qui
1825 2802 1976 2845 cum
2038 2778 2425 2871 conjugibus
2483 2803 2561 2847 ac
2613 2778 2837 2847 liberis

714 2886 1015 2984 squalore
1045 2882 1272 2963 obsiti,
1314 2907 1517 2975 quum
1551 2881 1878 2975 supplices
1918 2885 2201 2951 Romam
2245 2886 2576 2953 venissent
2600 2937 2619 2966 ‚
2656 2887 2837 2954 acci-

716 2998 846 3082 dit,
890 3008 967 3061 ut
1020 2989 1281 3081 reliquis
1329 2987 1630 3056 tribubus
1673 2987 2024 3056 salutarem
2069 2992 2455 3059 sententiam
2507 2994 2835 3082 sequutiS,

716 3101 853 3173 sola
918 3096 1098 3167 Polia
1162 3093 1529 3188 judicaret,
1592 3108 1899 3188 oportere
1957 3094 2217 3189 publice
2275 3120 2388 3165 eos
2451 3097 2837 3166 verberatos

805 3329 826 3362 1
840 3349 852 3361 .
883 3309 1070 3376 Legati.
1088 3305 1330 3368 Quatuor
1344 3303 1566 3374 legatos,
1587 3314 1645 3354 ut
1662 3300 1729 3354 de

717 3408 846 3464 pace
874 3399 1088 3458 agerent
1108 3404 1231 3437 cum
1255 3402 1397 3454 rege,
1428 3382 1613 3435 missos
1640 3382 1730 3434 Ci-

718 3489 842 3526 cero
862 3468 1049 3533 refert,
1065 3462 1289 3528 addens,
1306 3463 1517 3515 illorum
1538 3475 1731 3513 statuas

718 3551 786 3606 ad
817 3567 971 3602 suum
1006 3564 1170 3614 usque
1201 3556 1406 3614 tempus
1440 3542 1640 3593 stetisse
1673 3541 1731 3593 in

715 3630 915 3685 rostris.

803 3730 852 3762 2.
875 3709 1021 3760 Jusei.
1049 3703 1105 3755 Si
1134 3702 1265 3754 ultio
1294 3700 1434 3754 idem
1462 3701 1554 3762 sit,
1585 3700 1731 3771 quod

706 3794 900 3864 justitia
913 3787 1113 3845 ultoria,
1134 3781 1340 3835 laudem
1362 3793 1594 3833 meretur
1611 3799 1623 3832 :
1641 3779 1731 3832 sed

717 3868 1002 3927 admodum
1014 3865 1238 3935 reproba
1248 3873 1347 3922 est,
1367 3862 1406 3913 si
1426 3863 1513 3913 irae
1526 3872 1729 3912 tantum

714 3946 1051 4009 satisfacturi,
1070 3954 1337 4014 acceptum
1366 3939 1605 3992 dolorem
1621 3978 1637 4005 ,
1663 3942 1735 3992 fe-

1815 3303 1918 3354 tire
1952 3316 2004 3355 et
2042 3303 2313 3358 honestius
2341 3324 2490 3376 agere
2515 3306 2721 3377 sapiens
2749 3305 2835 3359 di-

1817 3379 1946 3434 dicit
1961 3420 1977 3446 ,
2026 3383 2231 3453 legibus
2268 3384 2563 3438 christianis
2611 3387 2836 3439 meliora

1817 3459 2050 3515 edoctus.

1902 3543 1930 3593 3
1940 3584 1952 3594 .
1966 3544 2040 3595 M.
2060 3543 2266 3594 Flavius.
2286 3545 2365 3596 Ita
2375 3543 2520 3614 Pigh.
2533 3563 2595 3596 ex
2605 3545 2832 3599 Winch.

1818 3620 2012 3686 edidit,
2040 3634 2192 3693 atque
2211 3624 2280 3675 ita
2302 3624 2596 3695 appellatur
2614 3643 2642 3676 a
2656 3625 2829 3677 Livio.

1820 3703 2009 3755 Coeteri
2029 3703 2099 3754 M.
2122 3702 2176 3754 F
2173 3704 2338 3754 ulvisaes.
2364 3735 2443 3745 —-
2461 3705 2658 3756 Retulit.
2678 3705 2741 3755 Α.
2763 3706 2832 3757 U.

1823 3783 1953 3842 430.
1987 3783 2100 3833 Liv.
2136 3781 2296 3846 VIII,
2334 3783 2424 3853 37.
2443 3816 2524 3826 —
2545 3784 2832 3837 Rebellatos.

1819 3862 2040 3913 Plurimi
2048 3862 2244 3913 habent
2259 3862 2603 3915 :rebellanti-os.
2618 3862 2722 3916 Sed
2734 3865 2837 3916 Ve-

1816 3941 1994 3994 literni
2016 3941 2447 4014 Privernatesque
2469 3946 2670 4014 populo
2696 3963 2830 3995 rom.

718 4050 893 4085 rarum
949 4027 1110 4078 instar
1152 4040 1490 4092 compensare
1529 4039 1588 4073 ac
1633 4039 1730 4090 par
1815 4021 2013 4073 bellum
2038 4023 2144 4090 jam
2165 4021 2407 4086 fecerant,
2443 4042 2551 4075 non
2575 4042 2701 4076 vero
2727 4024 2834 4076 fne-

716 4110 830 4184 pari
853 4105 1037 4161 referri
1061 4104 1350 4174 cupiamus.
1376 4101 1589 4154 Rectius
1611 4120 1728 4153 sen-

1819 4101 1924 4154 turi
1949 4099 2164 4154 demum
2190 4101 2519 4155 videbantur.
2569 4111 2574 4116 '
