3143 5204
713 398 812 478 24
1041 391 1480 461 VALERII
1549 391 1966 458 ΜΑΧΙΜΙ
2035 392 2225 459 LIB.
2295 392 2471 459 VII.

709 528 1116 612 subornatiS,
1166 522 1467 595 vehicula
1523 524 2026 618 comprehendit
2050 576 2068 605 ‚
2123 524 2406 618 hospitia
2446 528 2832 619 occupavit,

710 635 943 703 obvios
983 634 1348 720 submovit3
1390 656 1468 699 ac
1507 644 1644 699 tam
1687 630 1919 700 audaci
1965 633 2390 725 usurpatione
2436 633 2724 726 imperii,
2759 635 2830 701 in

709 743 993 809 maxima
1039 740 1182 810 luce
1222 739 1638 807 densissimas
1678 735 2020 806 hostilibus
2060 736 2268 807 oculis
2313 738 2615 807 tenebras
2642 739 2829 808 offu-

707 847 820 916 dit.
855 848 1036 916 Idem
1070 862 1144 915 ut
1182 843 1517 917 Puteolos-¹
1562 846 1778 930 venit,
1818 844 2091 938 perinde
2134 869 2211 913 ac
2256 845 2589 939 publicum
2635 846 2827 913 mini-

703 956 972 1023 sterium
1005 978 1237 1048 agen5‚
1277 976 1535 1022 summa
1580 977 1731 1021 cum
1776 949 2036 1020 licentia
2077 955 2395 1046 correptis
2436 952 2714 1020 navibus
2758 954 2828 1020 in

704 1060 985 1129 Siciliam
1006 1115 1024 1148 ‚
1052 1061 1489 1130 certissimum
1518 1073 1677 1127 tunc
1713 1059 2232 1153 proscriptorum
2263 1059 2640 1153 profugium
2666 1112 2684 1144 ‚
2713 1083 2830 1152 pe·

705 1169 1010 1235 netravit.

824 1298 845 1341 1
864 1299 932 1342 o.
975 1275 1092 1341 His
1121 1297 1254 1340 uno
1285 1272 1542 1364 adjecto
1571 1269 1832 1340 levioris
1868 1286 2043 1340 notae
2072 1270 2403 1366 exemplo,
2444 1272 2527 1340 ad
2557 1285 2831 1343 externa

703 1376 1113 1448 convertar².
1145 1380 1653 1447 Amantissimus
1689 1379 1954 1473 quidam
1986 1377 2138 1463 filii,
2177 1403 2379 1472 quum
2410 1403 2559 1447 eum
2595 1380 2829 1448 incon·

703 1486 900 1554 cessis
937 1509 1015 1553 ac
1062 1470 1483 1579 periculosis³
1524 1485 1774 1555 facibus
1813 1510 2162 1555 accensum
2187 1540 2205 1572 ‚
2246 1485 2330 1552 ab
2370 1487 2594 1555 insana
2633 1486 2829 1579 cupi-

702 1591 905 1660 ditate
925 1592 1221 1661 inhibere
1246 1590 1463 1678 vellet,
1488 1590 1733 1661 salubri
1752 1591 2023 1663 consilio
2047 1594 2325 1688 patriam
2350 1590 2829 1687 indulgentiam

702 1700 1125 1792 temperavit3
1154 1701 1338 1793 petiit
1363 1702 1536 1767 enim
1556 1753 1576 1786 ‚
1606 1715 1679 1767 ut
1716 1701 1896 1794 prius
1926 1725 2124 1794 quam
2156 1699 2238 1769 ad
2262 1723 2438 1784 eam,
2465 1724 2661 1793 quam
2684 1698 2830 1766 dili-

701 1805 934 1897 gebat,
959 1808 1115 1892 iret,
1133 1805 1389 1900 vulgari
1414 1831 1489 1876 ac
1514 1809 2096 1899 permissaVenere
2121 1821 2433 1876 uteretur.
2461 1805 2666 1899 Cujus
2690 1828 2835 1899 pre-

698 1912 885 1981 cibus
909 1912 1260 1982 obsecutus
1283 1913 1696 1999 adolescen3‚
1723 1912 1996 1983 infelicis
2011 1899 2034 1942 ‘¹
2057 1914 2255 1983 animi
2285 1915 2604 2007 impetum
2637 1913 2830 1980 satie·

699 2031 836 2088 tate
858 2019 1251 2091 concubitus
1280 2008 1538 2089 licentis
1562 2020 1953 2104 resolutum,
1975 2020 2173 2103 adid,
2199 2020 2378 2114 quod
2406 2044 2539 2088 non
2570 2017 2833 2104 licebat,

696 2125 1056 2196 tardiorem
1088 2128 1574 2221 pigrioremque
1602 2126 1887 2197 afferens
1907 2182 1925 2213 ‚
1957 2127 2272 2223 paulatim
2303 2127 2626 2221 deposuit.

839 2328 944 2380 DE
986 2328 1251 2381 vuar:
1291 2328 1573 2382 mc'rls
1615 2328 1782 2381 Au‘r
1823 2301 2102 2381 rAc‘ris
2140 2329 2239 2378 AB
2280 2325 2709 2379 Ex‘rssams.

822 2512 879 2555 1.
920 2487 1148 2574 Quum
1192 2485 1562 2553 Alexander
1601 2486 2045 2555 Macedonum
2091 2511 2205 2553 rex
2248 2473 2469 2554 sorte⁵
2507 2488 2834 2574 monituS,

705 2610 780 2662 ut
816 2619 1003 2681 eum,
1046 2594 1155 2687 qui
1196 2592 1315 2659 sibi
1351 2606 1542 2686 porta
1581 2618 1842 2688 egresso
1882 2595 2131 2688 primus
2169 2594 2594 2680 occurrisset,
2631 2595 2831 2662 inter-

704 2786 763 2838 in
783 2780 1003 2838 modum
1028 2781 1277 2836 lictorum
1294 2793 1346 2833 et
1362 2781 1726 2854 apparitorum

703 2864 1042 2937 publicorum
1063 2862 1457 2914 subornaverat.
1480 2861 1545 2912 Et
1563 2863 1634 2913 ita
1654 2881 1732 2915 se-

705 2957 851 3017 ptem
872 2942 1019 2994 MSS.
1046 2942 1292 2993 Torrenii
1321 2955 1371 2993 et
1394 2943 1573 2993 multae
1603 2941 1724 2995 edd.

704 3024 922 3096 Pighius
933 3041 1058 3075 vero
1076 3019 1223 3074 dedit
1232 3021 1619 3093 publicorumque
1635 3042 1732 3073 sets

710 3125 895 3164 vorum,
920 3114 1109 3173 praeter
1136 3102 1511 3154 necessitatem.
1533 3135 1603 3144 —-
1631 3104 1729 3170 Of-

697 3185 852 3253 fudit.
871 3182 1023 3235 MSS.
1051 3200 1242 3238 novem
1267 3182 1456 3248 effudit.
1480 3182 1581 3235 Hic
1604 3202 1729 3235 vero

709 3284 876 3337 quum
887 3262 1131 3316 dicantur
1145 3261 1345 3314 tenebra·
1359 3264 1551 3329 offundi
1562 3264 1725 3326 oculo,

708 3345 870 3398 nimis
907 3341 1038 3395 illud
1077 3343 1354 3414 proprium
1389 3355 1442 3394 et
1484 3344 1731 3414 frequens

710 3424 1000 3479 Torrenius
1055 3422 1313 3475 existimat
1362 3441 1519 3493 quam
1562 3436 1621 3475 ut
1663 3420 1731 3474 de

709 3519 888 3560 nostra
918 3504 1144 3557 lectione
1169 3500 1399 3555 dubitari
1420 3503 1613 3573 possit,
1635 3502 1730 3554 etsi

709 3586 1013 3656 complures
1052 3582 1208 3635 MSS.
1244 3580 1571 3636 dissentiant.
1600 3580 1728 3635 Vid.

710 3666 862 3720 Curt.
905 3665 1012 3715 vn
1028 3700 1042 3719 ‚
1084 3666 1117 3715 6
1136 3702 1151 3728 ,
1195 3681 1261 3714 η
1283 3683 1299 3726 ;
1332 3662 1510 3716 Valer.
1560 3661 1730 3714 Flacc.

707 3745 811 3811 IV,
840 3748 982 3809 4823
1010 3739 1190 3794 Phaed.
1219 3742 1301 3806 11,
1338 3761 1425 3794 11.

798 3845 822 3878 1
836 3866 849 3877 .
867 3824 1108 3878 Puteolos.
1120 3820 1393 3893 Oppidum
1408 3822 1732 3876 maritimum

716 3905 1042 3975 Campania,
1077 3921 1188 3955 non
1210 3903 1397 3972 procul
1428 3903 1494 3954 ab
1521 3904 1732 3956 Averno

704 3986 846 4038 lacu.
870 4017 949 4026 —
974 3983 1388 4054 Profiagium.Alii
1416 3982 1594 4053 legunt
1618 4002 1731 4053 per·

702 4068 897 4135 sugium
915 4105 930 4132 ,
965 4062 1108 4136 quod
1153 4063 1414 4118 Torrenio
1457 4063 1731 4140 probatur.

1899 2802 1926 2835 ²
1937 2823 1948 2834 .
1996 2781 2274 2838 Convertor.
2287 2784 2391 2835 Alii
2403 2797 2609 2836 revertar
2618 2785 2840 2843 habent.

1899 2863 1950 2915 3.
1981 2864 2286 2916 Periculosae's.
2329 2866 2560 2936 Respicit
2592 2865 2657 2918 ad
2685 2885 2835 2920 amo·

1815 2962 1929 2995 rem
1977 2941 2318 2997 adolescentis
2367 2963 2491 3015 erga
2542 2959 2834 2999 matronam

1814 3023 1931 3075 viro
1951 3036 2189 3093 nuptam.

1900 3109 1951 3166 4.
1993 3103 2218 3168 Infelicis.
2257 3103 2406 3175 Pigh.
2435 3125 2498 3158 ex
2524 3106 2748 3160 Winch.
2782 3119 2840 3160 et

1820 3183 2010 3235 Colon.
2042 3181 2256 3236 dederat
2284 3186 2515 3252 infelicem
2531 3225 2544 3247 ,
2578 3185 2671 3239 sed
2698 3188 2838 3239 Tor·

1815 3281 1929 3314 ren.
1952 3264 2151 3329 infelicis
2169 3266 2434 3317 revocavit
2447 3305 2463 3331 ,
2481 3265 2628 3337 quod
2649 3268 2704 3319 in
2719 3285 2838 3319 om·

1817 3341 1975 3395 nibus
1988 3343 2095 3396 suis
2109 3344 2258 3398 MSS.
2275 3345 2546 3399 invenerat
2556 3385 2573 3408 ,
2586 3359 2639 3399 et
2655 3348 2709 3399 in
2721 3345 2838 3400 edi-

1817 3422 1962 3476 tione
2001 3436 2104 3478 vet.
2132 3456 2212 3466 —
2243 3426 2452 3478 Licentis
2490 3440 2596 3490 est,
2632 3428 2686 3480 in
2727 3446 2839 3498 quo

1818 3501 1978 3554 animi
2000 3503 2080 3555 sui
2108 3503 2316 3557 libidini
2333 3525 2453 3558 cum
2479 3507 2691 3562 lieentia
2720 3526 2841 3578 pos·

1816 3582 1886 3635 sit
1897 3581 2185 3653 indulgere.
2199 3586 2469 3656 Legantur
2478 3588 2703 3640 Socratis
2715 3606 2841 3641 oon-

1817 3662 1930 3714 silia
1954 3664 2008 3714 in
2029 3664 2273 3735 Xenoph.
2293 3666 2518 3720 Memor.

1902 3742 1955 3795 5.
1975 3742 2132 3796 Sorte.
2150 3745 2419 3799 Vaticiuio
2449 3748 2837 3818 sortilegorum.

1820 3822 2016 3875 Forsan
2049 3825 2104 3876 in
2130 3843 2259 3878 voce
2283 3834 2473 3897 πρῶτος
2497 3828 2653 3880 latuit
2676 3829 2841 3884 ambi·

1817 3902 2014 3972 gustas,
2029 3922 2147 3974 quae
2163 3905 2320 3958 etiam
2350 3908 2673 3978 praecipuum
2693 3908 2841 3978 prin-

1819 3983 1989 4055 cipem
2006 4022 2023 4048 ,
2064 4002 2253 4056 nempe
2293 3987 2539 4051 Darium,
2584 3986 2840 4044 denotare

1819 4075 2043 4142 poterat.
