<?xml version="1.0" encoding="UTF-8"?>
<!DOCTYPE html PUBLIC "-//W3C//DTD XHTML 1.0 Transitional//EN"
    "http://www.w3.org/TR/xhtml1/DTD/xhtml1-transitional.dtd">
<html xmlns="http://www.w3.org/1999/xhtml" xml:lang="en" lang="en">
 <head>
  <title>
</title>
<meta http-equiv="Content-Type" content="text/html;charset=utf-8" />
  <meta name='ocr-system' content='tesseract 3.04.00' />
  <meta name='ocr-capabilities' content='ocr_page ocr_carea ocr_par ocr_line ocrx_word'/>
</head>
<body>
  <div class='ocr_page' id='page_1' title='image "./valeriusmaximus02lykogoog_0039.png"; bbox 0 0 3143 5204; ppageno 0'>
   <div class='ocr_carea' id='block_1_1' title="bbox 380 476 2338 562">
    <p class='ocr_par' dir='ltr' id='par_1_1' title="bbox 380 476 2338 562">
     <span class='ocr_line' id='line_1_1' title="bbox 380 476 2338 562; baseline 0.002 -18"><span class='ocrx_word' id='word_1_1' title='bbox 380 478 568 545; x_wconf 83' lang='lat' dir='ltr'><strong>CAP.</strong></span> <span class='ocrx_word' id='word_1_2' title='bbox 627 477 766 562; x_wconf 88' lang='lat'>111,</span> <span class='ocrx_word' id='word_1_3' title='bbox 820 478 943 546; x_wconf 86' lang='lat' dir='ltr'><strong>DE</strong></span> <span class='ocrx_word' id='word_1_4' title='bbox 996 477 1293 547; x_wconf 87' lang='lat' dir='ltr'><strong>VAFRE</strong></span> <span class='ocrx_word' id='word_1_5' title='bbox 1349 476 1583 546; x_wconf 90' lang='lat' dir='ltr'><strong>DICT.</strong></span> <span class='ocrx_word' id='word_1_6' title='bbox 1641 478 1825 544; x_wconf 83' lang='lat' dir='ltr'><strong>AUT</strong></span> <span class='ocrx_word' id='word_1_7' title='bbox 1875 478 2123 545; x_wconf 89' lang='lat' dir='ltr'><strong>FACT.</strong></span> <span class='ocrx_word' id='word_1_8' title='bbox 2245 477 2338 548; x_wconf 76' lang='lat'><strong>25</strong></span> 
     </span>
    </p>
   </div>
   <div class='ocr_carea' id='block_1_2' title="bbox 225 607 2346 1773">
    <p class='ocr_par' dir='ltr' id='par_1_2' title="bbox 225 607 2346 1773">
     <span class='ocr_line' id='line_1_2' title="bbox 228 607 2344 705; baseline 0.001 -27"><span class='ocrx_word' id='word_1_9' title='bbox 228 608 328 680; x_wconf 84' lang='lat' dir='ltr'><strong>fici</strong></span> <span class='ocrx_word' id='word_1_10' title='bbox 364 610 670 705; x_wconf 87' lang='lat' dir='ltr'><strong>juberet;</strong></span> <span class='ocrx_word' id='word_1_11' title='bbox 713 610 1063 678; x_wconf 88' lang='lat' dir='ltr'><strong>asinarium</strong></span> <span class='ocrx_word' id='word_1_12' title='bbox 1109 607 1279 679; x_wconf 84' lang='lat' dir='ltr'><strong>forte</strong></span> <span class='ocrx_word' id='word_1_13' title='bbox 1320 623 1472 677; x_wconf 88' lang='lat' dir='ltr'><strong>ante</strong></span> <span class='ocrx_word' id='word_1_14' title='bbox 1510 633 1740 677; x_wconf 91' lang='lat' dir='ltr'><strong>omnes</strong></span> <span class='ocrx_word' id='word_1_15' title='bbox 1769 608 2031 678; x_wconf 85' lang='lat' dir='ltr'><strong>obviam</strong></span> <span class='ocrx_word' id='word_1_16' title='bbox 2061 609 2344 697; x_wconf 87' lang='lat' dir='ltr'><strong>factum,</strong></span> 
     </span>
     <span class='ocr_line' id='line_1_3' title="bbox 226 714 2340 810; baseline 0 -24"><span class='ocrx_word' id='word_1_17' title='bbox 226 716 306 786; x_wconf 88' lang='lat' dir='ltr'><strong>ad</strong></span> <span class='ocrx_word' id='word_1_18' title='bbox 339 730 626 786; x_wconf 86' lang='lat' dir='ltr'><strong>mortem</strong></span> <span class='ocrx_word' id='word_1_19' title='bbox 658 715 867 810; x_wconf 82' lang='lat' dir='ltr'>abripi</span> <span class='ocrx_word' id='word_1_20' title='bbox 899 718 1281 809; x_wconf 82' lang='lat' dir='ltr'><strong>imperasset</strong></span> <span class='ocrx_word' id='word_1_21' title='bbox 1302 714 1353 800; x_wconf 79' lang='lat'><strong>¹3</strong></span> <span class='ocrx_word' id='word_1_22' title='bbox 1381 740 1592 808; x_wconf 86' lang='lat' dir='ltr'><strong>eoque</strong></span> <span class='ocrx_word' id='word_1_23' title='bbox 1617 730 1979 809; x_wconf 78' lang='lat' dir='ltr'>quaerente,</span> <span class='ocrx_word' id='word_1_24' title='bbox 2015 716 2340 809; x_wconf 77' lang='lat' dir='ltr'><em>quidnam</em></span> 
     </span>
     <span class='ocr_line' id='line_1_4' title="bbox 225 822 2340 918; baseline 0.001 -26"><span class='ocrx_word' id='word_1_25' title='bbox 225 848 296 892; x_wconf 85' lang='lat' dir='ltr'><strong>se</strong></span> <span class='ocrx_word' id='word_1_26' title='bbox 321 828 775 892; x_wconf 82' lang='lat' dir='ltr'><strong>immerentem</strong></span> <span class='ocrx_word' id='word_1_27' title='bbox 803 824 1096 918; x_wconf 74' lang='lat' dir='ltr'><strong>capc‘talc&#39;</strong></span> <span class='ocrx_word' id='word_1_28' title='bbox 1113 823 1447 917; x_wconf 77' lang='lat' dir='ltr'><strong>supplicio</strong></span> <span class='ocrx_word' id='word_1_29' title='bbox 1482 827 2035 916; x_wconf 64' lang='lat' dir='ltr'><strong>zanoe-entequoe</strong></span> <span class='ocrx_word' id='word_1_30' title='bbox 2068 822 2340 895; x_wconf 73' lang='lat' dir='ltr'><strong>addice-</strong></span> 
     </span>
     <span class='ocr_line' id='line_1_5' title="bbox 225 928 2342 1024; baseline 0 -26"><span class='ocrx_word' id='word_1_31' title='bbox 225 946 349 1015; x_wconf 84' lang='lat' dir='ltr'><strong>ret,</strong></span> <span class='ocrx_word' id='word_1_32' title='bbox 370 954 581 1023; x_wconf 90' lang='lat' dir='ltr'><strong>quum</strong></span> <span class='ocrx_word' id='word_1_33' title='bbox 605 928 691 998; x_wconf 88' lang='lat' dir='ltr'><strong>ad</strong></span> <span class='ocrx_word' id='word_1_34' title='bbox 715 928 1157 999; x_wconf 84' lang='lat' dir='ltr'><strong>excusandum</strong></span> <span class='ocrx_word' id='word_1_35' title='bbox 1186 929 1430 998; x_wconf 85' lang='lat' dir='ltr'><strong>factum</strong></span> <span class='ocrx_word' id='word_1_36' title='bbox 1451 953 1645 998; x_wconf 88' lang='lat' dir='ltr'><strong>suum</strong></span> <span class='ocrx_word' id='word_1_37' title='bbox 1670 928 1921 998; x_wconf 87' lang='lat' dir='ltr'><strong>oraculi</strong></span> <span class='ocrx_word' id='word_1_38' title='bbox 1941 945 2342 1024; x_wconf 82' lang='lat' dir='ltr'><strong>praeceptum</strong></span> 
     </span>
     <span class='ocr_line' id='line_1_6' title="bbox 228 1036 2345 1130; baseline -0 -25"><span class='ocrx_word' id='word_1_39' title='bbox 228 1036 579 1122; x_wconf 84' lang='lat' dir='ltr'><strong>retulisset,</strong></span> <span class='ocrx_word' id='word_1_40' title='bbox 621 1038 969 1122; x_wconf 88' lang='lat' dir='ltr'><strong>asinarius,</strong></span> <span class='ocrx_word' id='word_1_41' title='bbox 1006 1040 1089 1107; x_wconf 74' lang='lat' dir='ltr'><strong>Sc·</strong></span> <span class='ocrx_word' id='word_1_42' title='bbox 1119 1041 1224 1104; x_wconf 80' lang='lat' dir='ltr'><strong>ita</strong></span> <span class='ocrx_word' id='word_1_43' title='bbox 1265 1052 1398 1122; x_wconf 81' lang='lat' dir='ltr'><strong>est,</strong></span> <span class='ocrx_word' id='word_1_44' title='bbox 1443 1037 1657 1130; x_wconf 89' lang='lat' dir='ltr'><strong>inquit</strong></span> <span class='ocrx_word' id='word_1_45' title='bbox 1680 1089 1699 1121; x_wconf 91' lang='lat'>‚</span> <span class='ocrx_word' id='word_1_46' title='bbox 1738 1059 1899 1122; x_wconf 78' lang='lat' dir='ltr'><strong>rex,</strong></span> <span class='ocrx_word' id='word_1_47' title='bbox 1945 1038 2155 1105; x_wconf 63' lang='lat' dir='ltr'><strong>alcum</strong></span> <span class='ocrx_word' id='word_1_48' title='bbox 2194 1062 2345 1105; x_wconf 81' lang='lat' dir='ltr'><strong>sors</strong></span> 
     </span>
     <span class='ocr_line' id='line_1_7' title="bbox 227 1142 2345 1236; baseline -0.001 -23"><span class='ocrx_word' id='word_1_49' title='bbox 227 1144 373 1213; x_wconf 61' lang='lat' dir='ltr'><strong>lude</strong></span> <span class='ocrx_word' id='word_1_50' title='bbox 408 1148 622 1212; x_wconf 79' lang='lat' dir='ltr'><strong>morti</strong></span> <span class='ocrx_word' id='word_1_51' title='bbox 648 1142 1051 1228; x_wconf 56' lang='lat' dir='ltr'><strong>destmavm</strong></span> <span class='ocrx_word' id='word_1_52' title='bbox 1092 1167 1254 1213; x_wconf 82' lang='lat' dir='ltr'><strong>nam</strong></span> <span class='ocrx_word' id='word_1_53' title='bbox 1289 1144 1544 1213; x_wconf 80' lang='lat' dir='ltr'><strong>asellus</strong></span> <span class='ocrx_word' id='word_1_54' title='bbox 1562 1197 1584 1229; x_wconf 92' lang='lat'>‚</span> <span class='ocrx_word' id='word_1_55' title='bbox 1632 1167 1830 1235; x_wconf 79' lang='lat' dir='ltr'><strong>quem</strong></span> <span class='ocrx_word' id='word_1_56' title='bbox 1867 1168 1995 1236; x_wconf 79' lang='lat' dir='ltr'><strong>ego</strong></span> <span class='ocrx_word' id='word_1_57' title='bbox 2040 1158 2204 1211; x_wconf 80' lang='lat' dir='ltr'><strong>ante</strong></span> <span class='ocrx_word' id='word_1_58' title='bbox 2239 1169 2345 1212; x_wconf 81' lang='lat' dir='ltr'><strong>me</strong></span> 
     </span>
     <span class='ocr_line' id='line_1_8' title="bbox 227 1248 2346 1351; baseline -0 -32"><span class='ocrx_word' id='word_1_59' title='bbox 227 1249 521 1345; x_wconf 74' lang='lat' dir='ltr'><strong>agebam</strong></span> <span class='ocrx_word' id='word_1_60' title='bbox 544 1304 568 1337; x_wconf 92' lang='lat'><strong><em>,</em></strong></span> <span class='ocrx_word' id='word_1_61' title='bbox 620 1256 825 1346; x_wconf 81' lang='lat' dir='ltr'><strong>prior</strong></span> <span class='ocrx_word' id='word_1_62' title='bbox 887 1250 1013 1351; x_wconf 55' lang='lat' dir='ltr'><strong>fibi</strong></span> <span class='ocrx_word' id='word_1_63' title='bbox 1062 1256 1368 1321; x_wconf 76' lang='lat' dir='ltr'><strong>occurrit.</strong></span> <span class='ocrx_word' id='word_1_64' title='bbox 1426 1248 1809 1320; x_wconf 80' lang='lat' dir='ltr'><strong>Delectatus</strong></span> <span class='ocrx_word' id='word_1_65' title='bbox 1864 1248 2233 1321; x_wconf 82' lang='lat' dir='ltr'><strong>Alexander</strong></span> <span class='ocrx_word' id='word_1_66' title='bbox 2279 1265 2346 1319; x_wconf 89' lang='lat' dir='ltr'><strong>et</strong></span> 
     </span>
     <span class='ocr_line' id='line_1_9' title="bbox 226 1356 2346 1451; baseline 0 -26"><span class='ocrx_word' id='word_1_67' title='bbox 226 1356 390 1426; x_wconf 88' lang='lat' dir='ltr'><strong>illius</strong></span> <span class='ocrx_word' id='word_1_68' title='bbox 426 1372 568 1426; x_wconf 87' lang='lat' dir='ltr'><strong>tam</strong></span> <span class='ocrx_word' id='word_1_69' title='bbox 617 1356 851 1427; x_wconf 89' lang='lat' dir='ltr'><strong>callido</strong></span> <span class='ocrx_word' id='word_1_70' title='bbox 893 1356 1101 1443; x_wconf 81' lang='lat' dir='ltr'><strong>dicte,</strong></span> <span class='ocrx_word' id='word_1_71' title='bbox 1141 1371 1207 1427; x_wconf 90' lang='lat' dir='ltr'><strong>et</strong></span> <span class='ocrx_word' id='word_1_72' title='bbox 1249 1357 1427 1451; x_wconf 89' lang='lat' dir='ltr'><strong>quod</strong></span> <span class='ocrx_word' id='word_1_73' title='bbox 1463 1356 1548 1425; x_wconf 91' lang='lat' dir='ltr'><strong>ab</strong></span> <span class='ocrx_word' id='word_1_74' title='bbox 1579 1380 1803 1426; x_wconf 89' lang='lat' dir='ltr'><strong>errore</strong></span> <span class='ocrx_word' id='word_1_75' title='bbox 1834 1359 1971 1451; x_wconf 88' lang='lat' dir='ltr'><strong>ipse</strong></span> <span class='ocrx_word' id='word_1_76' title='bbox 2000 1371 2346 1426; x_wconf 78' lang='lat' dir='ltr'><strong>revocatus</strong></span> 
     </span>
     <span class='ocr_line' id='line_1_10' title="bbox 226 1462 2346 1559; baseline 0 -27"><span class='ocrx_word' id='word_1_77' title='bbox 226 1479 407 1550; x_wconf 88' lang='lat' dir='ltr'><strong>erat,</strong></span> <span class='ocrx_word' id='word_1_78' title='bbox 470 1466 887 1534; x_wconf 84' lang='lat' dir='ltr'><strong>occasionem</strong></span> <span class='ocrx_word' id='word_1_79' title='bbox 931 1466 1000 1533; x_wconf 92' lang='lat' dir='ltr'><strong>in</strong></span> <span class='ocrx_word' id='word_1_80' title='bbox 1041 1464 1374 1558; x_wconf 88' lang='lat' dir='ltr'><strong>aliquanto</strong></span> <span class='ocrx_word' id='word_1_81' title='bbox 1426 1463 1655 1533; x_wconf 86' lang='lat' dir='ltr'><strong>viliore</strong></span> <span class='ocrx_word' id='word_1_82' title='bbox 1700 1462 1965 1533; x_wconf 87' lang='lat' dir='ltr'><strong>animali</strong></span> <span class='ocrx_word' id='word_1_83' title='bbox 2009 1463 2346 1559; x_wconf 79' lang='lat' dir='ltr'><strong>expiandae</strong></span> 
     </span>
     <span class='ocr_line' id='line_1_11' title="bbox 225 1568 2344 1665; baseline 0 -26"><span class='ocrx_word' id='word_1_84' title='bbox 225 1568 563 1665; x_wconf 80' lang='lat' dir='ltr'><strong>religionis</strong></span> <span class='ocrx_word' id='word_1_85' title='bbox 595 1573 829 1665; x_wconf 85' lang='lat' dir='ltr'><strong>rapuit.</strong></span> <span class='ocrx_word' id='word_1_86' title='bbox 864 1573 1135 1641; x_wconf 89' lang='lat' dir='ltr'><strong>Summa</strong></span> <span class='ocrx_word' id='word_1_87' title='bbox 1175 1573 1240 1641; x_wconf 89' lang='lat' dir='ltr'><strong>in</strong></span> <span class='ocrx_word' id='word_1_88' title='bbox 1286 1572 1414 1641; x_wconf 90' lang='lat' dir='ltr'><strong>hoc</strong></span> <span class='ocrx_word' id='word_1_89' title='bbox 1459 1596 1613 1639; x_wconf 89' lang='lat' dir='ltr'><strong>cum</strong></span> <span class='ocrx_word' id='word_1_90' title='bbox 1652 1569 2002 1641; x_wconf 84' lang='lat' dir='ltr'><strong>calliditate</strong></span> <span class='ocrx_word' id='word_1_91' title='bbox 2036 1595 2344 1639; x_wconf 88' lang='lat' dir='ltr'><strong>mansue-</strong></span> 
     </span>
     <span class='ocr_line' id='line_1_12' title="bbox 226 1676 2345 1773; baseline -0 -27"><span class='ocrx_word' id='word_1_92' title='bbox 226 1677 383 1746; x_wconf 88' lang='lat' dir='ltr'><strong>tudo</strong></span> <span class='ocrx_word' id='word_1_93' title='bbox 415 1705 430 1745; x_wconf 91' lang='lat'>:</span> <span class='ocrx_word' id='word_1_94' title='bbox 463 1703 725 1749; x_wconf 88' lang='lat' dir='ltr'><strong>summa</strong></span> <span class='ocrx_word' id='word_1_95' title='bbox 751 1703 1011 1773; x_wconf 91' lang='lat' dir='ltr'><strong>quoque</strong></span> <span class='ocrx_word' id='word_1_96' title='bbox 1043 1677 1401 1751; x_wconf 83' lang='lat' dir='ltr'><strong>inalterius</strong></span> <span class='ocrx_word' id='word_1_97' title='bbox 1433 1679 1605 1772; x_wconf 84' lang='lat' dir='ltr'><strong>regis</strong></span> <span class='ocrx_word' id='word_1_98' title='bbox 1631 1680 1943 1772; x_wconf 88' lang='lat' dir='ltr'><strong>equisone</strong></span> <span class='ocrx_word' id='word_1_99' title='bbox 1969 1676 2345 1749; x_wconf 84' lang='lat' dir='ltr'><strong>calliditas².</strong></span> 
     </span>
    </p>
   </div>
   <div class='ocr_carea' id='block_1_3' title="bbox 227 1795 2350 2119">
    <p class='ocr_par' dir='ltr' id='par_1_3' title="bbox 227 1795 2350 2119">
     <span class='ocr_line' id='line_1_13' title="bbox 330 1795 2348 1906; baseline -0 -27"><span class='ocrx_word' id='word_1_100' title='bbox 330 1835 398 1879; x_wconf 66' lang='grc' dir='ltr'><strong>α.</strong></span> <span class='ocrx_word' id='word_1_101' title='bbox 456 1809 739 1879; x_wconf 84' lang='lat' dir='ltr'><strong>Sordida</strong></span> <span class='ocrx_word' id='word_1_102' title='bbox 778 1813 1130 1906; x_wconf 85' lang='lat' dir='ltr'><strong>Magorum</strong></span> <span class='ocrx_word' id='word_1_103' title='bbox 1170 1795 1658 1880; x_wconf 84' lang='lat' dir='ltr'><strong>dominatione³</strong></span> <span class='ocrx_word' id='word_1_104' title='bbox 1698 1836 2048 1905; x_wconf 83' lang='lat' dir='ltr'><strong>oppressa,</strong></span> <span class='ocrx_word' id='word_1_105' title='bbox 2105 1812 2348 1879; x_wconf 85' lang='lat' dir='ltr'><strong>Darius</strong></span> 
     </span>
     <span class='ocr_line' id='line_1_14' title="bbox 228 1917 2346 2013; baseline -0 -27"><span class='ocrx_word' id='word_1_106' title='bbox 228 1943 334 1986; x_wconf 83' lang='lat' dir='ltr'><strong>sex</strong></span> <span class='ocrx_word' id='word_1_107' title='bbox 364 1917 783 2009; x_wconf 86' lang='lat' dir='ltr'><strong>adjutoribus</strong></span> <span class='ocrx_word' id='word_1_108' title='bbox 803 1917 1092 2011; x_wconf 84' lang='lat' dir='ltr'><strong>ejusdem</strong></span> <span class='ocrx_word' id='word_1_109' title='bbox 1126 1918 1464 2012; x_wconf 86' lang='lat' dir='ltr'><strong>dignitatis</strong></span> <span class='ocrx_word' id='word_1_110' title='bbox 1483 1920 1867 2012; x_wconf 85' lang='lat' dir='ltr'><strong>assumptis,</strong></span> <span class='ocrx_word' id='word_1_111' title='bbox 1896 1933 2161 2013; x_wconf 87' lang='lat' dir='ltr'><strong>pactum</strong></span> <span class='ocrx_word' id='word_1_112' title='bbox 2195 1943 2346 1986; x_wconf 88' lang='lat' dir='ltr'><strong>cum</strong></span> 
     </span>
     <span class='ocr_line' id='line_1_15' title="bbox 227 2023 2350 2119; baseline -0 -26"><span class='ocrx_word' id='word_1_113' title='bbox 227 2023 527 2117; x_wconf 86' lang='lat' dir='ltr'><strong>praeclari</strong></span> <span class='ocrx_word' id='word_1_114' title='bbox 557 2026 775 2118; x_wconf 87' lang='lat' dir='ltr'><strong>operis</strong></span> <span class='ocrx_word' id='word_1_115' title='bbox 808 2026 1223 2094; x_wconf 88' lang='lat' dir='ltr'><strong>consortibus</strong></span> <span class='ocrx_word' id='word_1_116' title='bbox 1256 2026 1441 2111; x_wconf 87' lang='lat' dir='ltr'><strong>fecit,</strong></span> <span class='ocrx_word' id='word_1_117' title='bbox 1465 2040 1541 2092; x_wconf 90' lang='lat' dir='ltr'><strong>ut</strong></span> <span class='ocrx_word' id='word_1_118' title='bbox 1568 2027 1750 2119; x_wconf 89' lang='lat' dir='ltr'><strong>equis</strong></span> <span class='ocrx_word' id='word_1_119' title='bbox 1784 2026 2137 2095; x_wconf 82' lang='lat' dir='ltr'><strong>insidentes</strong></span> <span class='ocrx_word' id='word_1_120' title='bbox 2155 2080 2173 2111; x_wconf 84' lang='lat'>‚</span> <span class='ocrx_word' id='word_1_121' title='bbox 2199 2023 2350 2093; x_wconf 87' lang='lat' dir='ltr'><strong>solis</strong></span> 
     </span>
    </p>
   </div>
   <div class='ocr_carea' id='block_1_4' title="bbox 229 2236 1257 4149">
    <p class='ocr_par' dir='ltr' id='par_1_4' title="bbox 229 2236 1253 3749">
     <span class='ocr_line' id='line_1_16' title="bbox 310 2236 1242 2306; baseline 0.001 -18"><span class='ocrx_word' id='word_1_122' title='bbox 310 2255 331 2288; x_wconf 87' lang='lat'>1</span> <span class='ocrx_word' id='word_1_123' title='bbox 345 2276 359 2288; x_wconf 90' lang='lat'><strong>.</strong></span> <span class='ocrx_word' id='word_1_124' title='bbox 402 2236 500 2288; x_wconf 82' lang='lat' dir='ltr'><strong>Ad</strong></span> <span class='ocrx_word' id='word_1_125' title='bbox 532 2247 724 2287; x_wconf 68' lang='lat' dir='ltr'><strong>mortem</strong></span> <span class='ocrx_word' id='word_1_126' title='bbox 771 2236 929 2306; x_wconf 65' lang='lat' dir='ltr'><strong>abt-ipa</strong></span> <span class='ocrx_word' id='word_1_127' title='bbox 955 2240 1242 2305; x_wconf 70' lang='lat' dir='ltr'><strong>impmsset.</strong></span> 
     </span>
     <span class='ocr_line' id='line_1_17' title="bbox 229 2314 1243 2387; baseline 0.003 -22"><span class='ocrx_word' id='word_1_128' title='bbox 229 2314 391 2368; x_wconf 69' lang='lat' dir='ltr'><strong>Aldus.</strong></span> <span class='ocrx_word' id='word_1_129' title='bbox 410 2328 462 2368; x_wconf 82' lang='lat' dir='ltr'><strong>et</strong></span> <span class='ocrx_word' id='word_1_130' title='bbox 484 2316 573 2367; x_wconf 87' lang='lat' dir='ltr'><strong>alii</strong></span> <span class='ocrx_word' id='word_1_131' title='bbox 597 2334 715 2367; x_wconf 80' lang='lat' dir='ltr'><strong>eum</strong></span> <span class='ocrx_word' id='word_1_132' title='bbox 739 2317 942 2387; x_wconf 85' lang='lat' dir='ltr'><strong>sequuti</strong></span> <span class='ocrx_word' id='word_1_133' title='bbox 972 2317 1243 2387; x_wconf 78' lang='lat' dir='ltr'><strong>legerunt:</strong></span> 
     </span>
     <span class='ocr_line' id='line_1_18' title="bbox 231 2397 1243 2467; baseline 0.003 -23"><span class='ocrx_word' id='word_1_134' title='bbox 231 2397 295 2445; x_wconf 74' lang='lat' dir='ltr'><strong>ed</strong></span> <span class='ocrx_word' id='word_1_135' title='bbox 328 2408 529 2447; x_wconf 76' lang='lat' dir='ltr'><strong>mortem</strong></span> <span class='ocrx_word' id='word_1_136' title='bbox 568 2400 721 2466; x_wconf 69' lang='lat' dir='ltr'><strong>arripi</strong></span> <span class='ocrx_word' id='word_1_137' title='bbox 762 2399 933 2464; x_wconf 61' lang='lat' dir='ltr'><strong>impera</strong></span> <span class='ocrx_word' id='word_1_138' title='bbox 941 2400 1019 2448; x_wconf 74' lang='lat' dir='ltr'><strong>vit.</strong></span> <span class='ocrx_word' id='word_1_139' title='bbox 1060 2397 1243 2467; x_wconf 81' lang='lat' dir='ltr'><strong>quue.</strong></span> 
     </span>
     <span class='ocr_line' id='line_1_19' title="bbox 229 2470 1245 2547; baseline 0.001 -21"><span class='ocrx_word' id='word_1_140' title='bbox 229 2477 471 2527; x_wconf 71' lang='lat' dir='ltr'><strong>Attamen</strong></span> <span class='ocrx_word' id='word_1_141' title='bbox 492 2477 667 2547; x_wconf 73' lang='lat' dir='ltr'><strong>Kapp.</strong></span> <span class='ocrx_word' id='word_1_142' title='bbox 691 2476 875 2529; x_wconf 79' lang='lat' dir='ltr'><strong>maluit</strong></span> <span class='ocrx_word' id='word_1_143' title='bbox 895 2470 1078 2547; x_wconf 52' lang='lat' dir='ltr'><strong>abripi}</strong></span> <span class='ocrx_word' id='word_1_144' title='bbox 1100 2474 1245 2547; x_wconf 86' lang='lat' dir='ltr'><strong>quod</strong></span> 
     </span>
     <span class='ocr_line' id='line_1_20' title="bbox 230 2554 1244 2630; baseline 0.003 -22"><span class='ocrx_word' id='word_1_145' title='bbox 230 2555 283 2608; x_wconf 83' lang='lat' dir='ltr'><strong>in</strong></span> <span class='ocrx_word' id='word_1_146' title='bbox 298 2557 438 2609; x_wconf 85' lang='lat' dir='ltr'><strong>Ultr.</strong></span> <span class='ocrx_word' id='word_1_147' title='bbox 456 2575 558 2610; x_wconf 71' lang='lat' dir='ltr'><strong>sec.</strong></span> <span class='ocrx_word' id='word_1_148' title='bbox 577 2554 724 2612; x_wconf 83' lang='lat' dir='ltr'><strong>Leid.</strong></span> <span class='ocrx_word' id='word_1_149' title='bbox 744 2569 863 2611; x_wconf 87' lang='lat' dir='ltr'><strong>tert.</strong></span> <span class='ocrx_word' id='word_1_150' title='bbox 884 2571 1052 2630; x_wconf 72' lang='lat' dir='ltr'><strong>quart.</strong></span> <span class='ocrx_word' id='word_1_151' title='bbox 1074 2557 1244 2628; x_wconf 82' lang='lat' dir='ltr'><strong>quint.</strong></span> 
     </span>
     <span class='ocr_line' id='line_1_21' title="bbox 231 2636 1244 2709; baseline 0.003 -22"><span class='ocrx_word' id='word_1_152' title='bbox 231 2639 355 2688; x_wconf 82' lang='lat' dir='ltr'><strong>etin</strong></span> <span class='ocrx_word' id='word_1_153' title='bbox 376 2636 461 2689; x_wconf 80' lang='lat' dir='ltr'><strong>ed.</strong></span> <span class='ocrx_word' id='word_1_154' title='bbox 484 2638 623 2708; x_wconf 71' lang='lat' dir='ltr'><strong>Mag.</strong></span> <span class='ocrx_word' id='word_1_155' title='bbox 647 2638 934 2691; x_wconf 81' lang='lat' dir='ltr'><strong>invenitur.</strong></span> <span class='ocrx_word' id='word_1_156' title='bbox 953 2639 1148 2709; x_wconf 81' lang='lat' dir='ltr'><strong>Supra..</strong></span> <span class='ocrx_word' id='word_1_157' title='bbox 1166 2639 1244 2703; x_wconf 91' lang='lat'><strong>11,</strong></span> 
     </span>
     <span class='ocr_line' id='line_1_22' title="bbox 234 2716 1245 2785; baseline 0 -16"><span class='ocrx_word' id='word_1_158' title='bbox 234 2734 286 2785; x_wconf 88' lang='lat'><strong>7,</strong></span> <span class='ocrx_word' id='word_1_159' title='bbox 305 2720 372 2778; x_wconf 72' lang='grc' dir='ltr'><strong>ὃς</strong></span> <span class='ocrx_word' id='word_1_160' title='bbox 400 2717 481 2768; x_wconf 87' lang='lat'><strong>111</strong></span> <span class='ocrx_word' id='word_1_161' title='bbox 500 2756 517 2781; x_wconf 90' lang='lat'><strong><em>‚</em></strong></span> <span class='ocrx_word' id='word_1_162' title='bbox 548 2721 579 2771; x_wconf 89' lang='lat'><strong>8</strong></span> <span class='ocrx_word' id='word_1_163' title='bbox 595 2757 609 2778; x_wconf 88' lang='lat'><strong>‚</strong></span> <span class='ocrx_word' id='word_1_164' title='bbox 626 2731 727 2769; x_wconf 78' lang='lat' dir='ltr'><strong>ext.</strong></span> <span class='ocrx_word' id='word_1_165' title='bbox 757 2719 785 2770; x_wconf 83' lang='lat'>3</span> <span class='ocrx_word' id='word_1_166' title='bbox 803 2738 817 2783; x_wconf 89' lang='lat'>;</span> <span class='ocrx_word' id='word_1_167' title='bbox 834 2719 1049 2769; x_wconf 83' lang='lat' dir='ltr'><strong>Terent.</strong></span> <span class='ocrx_word' id='word_1_168' title='bbox 1078 2716 1245 2769; x_wconf 80' lang='lat' dir='ltr'><strong>Andr.</strong></span> 
     </span>
     <span class='ocr_line' id='line_1_23' title="bbox 233 2796 1248 2866; baseline 0.004 -19"><span class='ocrx_word' id='word_1_169' title='bbox 233 2796 329 2861; x_wconf 82' lang='lat' dir='ltr'><strong>IV,</strong></span> <span class='ocrx_word' id='word_1_170' title='bbox 360 2804 420 2862; x_wconf 68' lang='grc'><strong>4,</strong></span> <span class='ocrx_word' id='word_1_171' title='bbox 448 2805 551 2866; x_wconf 68' lang='lat'><strong>473</strong></span> <span class='ocrx_word' id='word_1_172' title='bbox 586 2797 695 2849; x_wconf 86' lang='lat' dir='ltr'><strong>Cic.</strong></span> <span class='ocrx_word' id='word_1_173' title='bbox 720 2799 875 2849; x_wconf 80' lang='lat' dir='ltr'><strong>Verr.</strong></span> <span class='ocrx_word' id='word_1_174' title='bbox 910 2799 1005 2859; x_wconf 82' lang='lat' dir='ltr'><strong>IV,</strong></span> <span class='ocrx_word' id='word_1_175' title='bbox 1048 2816 1135 2851; x_wconf 81' lang='grc' dir='ltr'><strong>ιο.</strong></span> <span class='ocrx_word' id='word_1_176' title='bbox 1169 2830 1248 2840; x_wconf 93' lang='lat'><strong>-—</strong></span> 
     </span>
     <span class='ocr_line' id='line_1_24' title="bbox 233 2876 1247 2949; baseline 0.001 -22"><span class='ocrx_word' id='word_1_177' title='bbox 233 2876 512 2945; x_wconf 63' lang='lat' dir='ltr'><strong>lupen-asset</strong></span> <span class='ocrx_word' id='word_1_178' title='bbox 547 2896 675 2929; x_wconf 79' lang='lat' dir='ltr'><strong>vero</strong></span> <span class='ocrx_word' id='word_1_179' title='bbox 714 2897 814 2948; x_wconf 81' lang='lat' dir='ltr'><strong>pro</strong></span> <span class='ocrx_word' id='word_1_180' title='bbox 853 2881 1118 2948; x_wconf 72' lang='lat' dir='ltr'><strong>imperavit,</strong></span> <span class='ocrx_word' id='word_1_181' title='bbox 1149 2898 1247 2949; x_wconf 85' lang='lat' dir='ltr'><strong>po-</strong></span> 
     </span>
     <span class='ocr_line' id='line_1_25' title="bbox 234 2957 1245 3027; baseline 0.002 -21"><span class='ocrx_word' id='word_1_182' title='bbox 234 2957 386 3010; x_wconf 78' lang='lat' dir='ltr'><strong>stulat</strong></span> <span class='ocrx_word' id='word_1_183' title='bbox 412 2976 580 3027; x_wconf 81' lang='lat' dir='ltr'><strong>quum</strong></span> <span class='ocrx_word' id='word_1_184' title='bbox 605 2958 931 3010; x_wconf 79' lang='lat' dir='ltr'><strong>constructio</strong></span> <span class='ocrx_word' id='word_1_185' title='bbox 957 2958 1211 3011; x_wconf 77' lang='lat' dir='ltr'><strong>orationis</strong></span> <span class='ocrx_word' id='word_1_186' title='bbox 1231 2998 1245 3021; x_wconf 91' lang='lat'>‚</span> 
     </span>
     <span class='ocr_line' id='line_1_26' title="bbox 234 3038 1248 3110; baseline 0.001 -22"><span class='ocrx_word' id='word_1_187' title='bbox 234 3047 340 3088; x_wconf 84' lang='lat' dir='ltr'><strong>tum</strong></span> <span class='ocrx_word' id='word_1_188' title='bbox 359 3041 531 3107; x_wconf 74' lang='lat' dir='ltr'><strong>major</strong></span> <span class='ocrx_word' id='word_1_189' title='bbox 547 3056 670 3110; x_wconf 69' lang='lat' dir='ltr'><strong>pars</strong></span> <span class='ocrx_word' id='word_1_190' title='bbox 687 3038 954 3090; x_wconf 70' lang='lat' dir='ltr'><strong>libra-um.</strong></span> <span class='ocrx_word' id='word_1_191' title='bbox 973 3040 1131 3092; x_wconf 77' lang='lat' dir='ltr'><strong>Recte</strong></span> <span class='ocrx_word' id='word_1_192' title='bbox 1153 3039 1248 3090; x_wconf 82' lang='lat' dir='ltr'><strong>ita-</strong></span> 
     </span>
     <span class='ocr_line' id='line_1_27' title="bbox 237 3116 1250 3188; baseline 0.004 -21"><span class='ocrx_word' id='word_1_193' title='bbox 237 3133 334 3186; x_wconf 78' lang='lat' dir='ltr'><strong>que</strong></span> <span class='ocrx_word' id='word_1_194' title='bbox 359 3117 655 3169; x_wconf 87' lang='lat' dir='ltr'><strong>Torrenius</strong></span> <span class='ocrx_word' id='word_1_195' title='bbox 685 3116 853 3170; x_wconf 86' lang='lat' dir='ltr'><strong>edidit</strong></span> <span class='ocrx_word' id='word_1_196' title='bbox 881 3119 1170 3188; x_wconf 63' lang='lat' dir='ltr'><strong>imperasset,</strong></span> <span class='ocrx_word' id='word_1_197' title='bbox 1197 3132 1250 3171; x_wconf 86' lang='lat' dir='ltr'><strong>et</strong></span> 
     </span>
     <span class='ocr_line' id='line_1_28' title="bbox 235 3193 1250 3268; baseline 0.005 -21"><span class='ocrx_word' id='word_1_198' title='bbox 235 3193 624 3251; x_wconf 78' lang='lat' dir='ltr'><strong>distinctionem</strong></span> <span class='ocrx_word' id='word_1_199' title='bbox 663 3201 915 3268; x_wconf 78' lang='lat' dir='ltr'><strong>majorem</strong></span> <span class='ocrx_word' id='word_1_200' title='bbox 952 3211 1069 3268; x_wconf 66' lang='lat' dir='ltr'><strong>post</strong></span> <span class='ocrx_word' id='word_1_201' title='bbox 1105 3202 1250 3268; x_wconf 76' lang='lat' dir='ltr'><strong>impe·</strong></span> 
     </span>
     <span class='ocr_line' id='line_1_29' title="bbox 232 3276 1248 3350; baseline 0.004 -22"><span class='ocrx_word' id='word_1_202' title='bbox 232 3290 438 3345; x_wconf 71' lang='lat' dir='ltr'><strong>pce-anet</strong></span> <span class='ocrx_word' id='word_1_203' title='bbox 462 3276 690 3342; x_wconf 75' lang='lat' dir='ltr'><strong>delevit,</strong></span> <span class='ocrx_word' id='word_1_204' title='bbox 717 3278 974 3350; x_wconf 85' lang='lat' dir='ltr'><strong>probante</strong></span> <span class='ocrx_word' id='word_1_205' title='bbox 1009 3278 1248 3336; x_wconf 74' lang='lat' dir='ltr'><strong>Perizon.</strong></span> 
     </span>
     <span class='ocr_line' id='line_1_30' title="bbox 241 3357 1250 3429; baseline 0.005 -22"><span class='ocrx_word' id='word_1_206' title='bbox 241 3357 329 3426; x_wconf 85' lang='lat' dir='ltr'><strong>qni</strong></span> <span class='ocrx_word' id='word_1_207' title='bbox 362 3371 613 3429; x_wconf 82' lang='lat' dir='ltr'><strong>praeterea</strong></span> <span class='ocrx_word' id='word_1_208' title='bbox 659 3358 794 3412; x_wconf 86' lang='lat' dir='ltr'><strong>bene</strong></span> <span class='ocrx_word' id='word_1_209' title='bbox 832 3371 1009 3425; x_wconf 85' lang='lat' dir='ltr'><strong>notat,</strong></span> <span class='ocrx_word' id='word_1_210' title='bbox 1050 3357 1250 3429; x_wconf 83' lang='lat' dir='ltr'><strong>apodo·</strong></span> 
     </span>
     <span class='ocr_line' id='line_1_31' title="bbox 239 3436 1249 3509; baseline 0.004 -22"><span class='ocrx_word' id='word_1_211' title='bbox 239 3436 316 3487; x_wconf 76' lang='lat' dir='ltr'><strong>sin</strong></span> <span class='ocrx_word' id='word_1_212' title='bbox 342 3437 550 3509; x_wconf 82' lang='lat' dir='ltr'><strong>periodi</strong></span> <span class='ocrx_word' id='word_1_213' title='bbox 579 3439 727 3509; x_wconf 78' lang='lat' dir='ltr'><strong>sequi</strong></span> <span class='ocrx_word' id='word_1_214' title='bbox 749 3436 962 3490; x_wconf 79' lang='lat' dir='ltr'><strong>demum</strong></span> <span class='ocrx_word' id='word_1_215' title='bbox 987 3458 1017 3491; x_wconf 77' lang='lat' dir='ltr'><strong>a</strong></span> <span class='ocrx_word' id='word_1_216' title='bbox 1040 3439 1249 3492; x_wconf 69' lang='lat' dir='ltr'><strong>verbis:</strong></span> 
     </span>
     <span class='ocr_line' id='line_1_32' title="bbox 240 3516 1251 3590; baseline 0.003 -23"><span class='ocrx_word' id='word_1_217' title='bbox 240 3516 493 3570; x_wconf 60' lang='lat' dir='ltr'><strong>Amardus</strong></span> <span class='ocrx_word' id='word_1_218' title='bbox 538 3522 706 3590; x_wconf 71' lang='lat' dir='ltr'><strong>inquit.</strong></span> <span class='ocrx_word' id='word_1_219' title='bbox 756 3519 1036 3576; x_wconf 69' lang='lat' dir='ltr'><strong>Cohaereut</strong></span> <span class='ocrx_word' id='word_1_220' title='bbox 1079 3519 1221 3572; x_wconf 78' lang='lat' dir='ltr'><strong>enim</strong></span> <span class='ocrx_word' id='word_1_221' title='bbox 1236 3555 1251 3582; x_wconf 89' lang='lat'>,</span> 
     </span>
     <span class='ocr_line' id='line_1_33' title="bbox 241 3599 1253 3670; baseline 0.001 -21"><span class='ocrx_word' id='word_1_222' title='bbox 241 3614 373 3666; x_wconf 74' lang='lat' dir='ltr'><strong>quum</strong></span> <span class='ocrx_word' id='word_1_223' title='bbox 400 3599 686 3650; x_wconf 63' lang='lat' dir='ltr'><strong>Alexander</strong></span> <span class='ocrx_word' id='word_1_224' title='bbox 712 3603 1005 3668; x_wconf 73' lang='lat' dir='ltr'><strong>imperasset.</strong></span> <span class='ocrx_word' id='word_1_225' title='bbox 1032 3611 1084 3651; x_wconf 83' lang='lat' dir='ltr'><strong>et</strong></span> <span class='ocrx_word' id='word_1_226' title='bbox 1113 3618 1253 3670; x_wconf 79' lang='lat' dir='ltr'><strong>quum</strong></span> 
     </span>
     <span class='ocr_line' id='line_1_34' title="bbox 244 3679 821 3749; baseline 0.01 -24"><span class='ocrx_word' id='word_1_227' title='bbox 244 3695 295 3725; x_wconf 79' lang='lat' dir='ltr'><strong>eo</strong></span> <span class='ocrx_word' id='word_1_228' title='bbox 312 3691 547 3749; x_wconf 75' lang='lat' dir='ltr'><strong>quoermte</strong></span> <span class='ocrx_word' id='word_1_229' title='bbox 570 3679 821 3731; x_wconf 73' lang='lat' dir='ltr'><strong>retulisset.</strong></span> 
     </span>
    </p>

    <p class='ocr_par' dir='ltr' id='par_1_5' title="bbox 245 3757 1257 4149">
     <span class='ocr_line' id='line_1_35' title="bbox 322 3757 1253 3828; baseline 0.003 -20"><span class='ocrx_word' id='word_1_230' title='bbox 322 3777 371 3811; x_wconf 65' lang='grc' dir='ltr'><strong>α.</strong></span> <span class='ocrx_word' id='word_1_231' title='bbox 432 3758 714 3811; x_wconf 65' lang='lat' dir='ltr'><strong>Camicus.</strong></span> <span class='ocrx_word' id='word_1_232' title='bbox 767 3759 916 3811; x_wconf 82' lang='lat' dir='ltr'><strong>Hanc</strong></span> <span class='ocrx_word' id='word_1_233' title='bbox 974 3757 1253 3828; x_wconf 81' lang='lat' dir='ltr'><strong>periodum</strong></span> 
     </span>
     <span class='ocr_line' id='line_1_36' title="bbox 245 3835 1256 3909; baseline 0.005 -22"><span class='ocrx_word' id='word_1_234' title='bbox 245 3835 480 3907; x_wconf 79' lang='lat' dir='ltr'><strong>Kappius</strong></span> <span class='ocrx_word' id='word_1_235' title='bbox 503 3838 577 3889; x_wconf 81' lang='lat' dir='ltr'><strong>sic</strong></span> <span class='ocrx_word' id='word_1_236' title='bbox 601 3839 1011 3909; x_wconf 77' lang='lat' dir='ltr'><strong>interpretatur:</strong></span> <span class='ocrx_word' id='word_1_237' title='bbox 1053 3864 1073 3883; x_wconf 78' lang='grc' dir='ltr'>ι</span> <span class='ocrx_word' id='word_1_238' title='bbox 1092 3843 1142 3889; x_wconf 78' lang='lat' dir='ltr'><strong>iu</strong></span> <span class='ocrx_word' id='word_1_239' title='bbox 1170 3840 1256 3892; x_wconf 77' lang='lat' dir='ltr'><strong>hoc</strong></span> 
     </span>
     <span class='ocr_line' id='line_1_37' title="bbox 245 3910 1254 3988; baseline 0.003 -20"><span class='ocrx_word' id='word_1_240' title='bbox 245 3910 267 3975; x_wconf 89' lang='lat'><strong>(</strong></span> <span class='ocrx_word' id='word_1_241' title='bbox 290 3919 526 3988; x_wconf 81' lang='lat' dir='ltr'><strong>exemplo</strong></span> <span class='ocrx_word' id='word_1_242' title='bbox 549 3911 571 3985; x_wconf 93' lang='lat'>)</span> <span class='ocrx_word' id='word_1_243' title='bbox 604 3932 655 3969; x_wconf 80' lang='lat' dir='ltr'><strong>et</strong></span> <span class='ocrx_word' id='word_1_244' title='bbox 677 3938 857 3970; x_wconf 81' lang='lat' dir='ltr'><strong>summa</strong></span> <span class='ocrx_word' id='word_1_245' title='bbox 892 3918 1133 3969; x_wconf 62' lang='lat' dir='ltr'><strong>calliditas</strong></span> <span class='ocrx_word' id='word_1_246' title='bbox 1161 3916 1181 3979; x_wconf 98' lang='lat'>(</span> <span class='ocrx_word' id='word_1_247' title='bbox 1201 3919 1254 3971; x_wconf 85' lang='lat' dir='ltr'><strong>in</strong></span> 
     </span>
     <span class='ocr_line' id='line_1_38' title="bbox 248 3995 1254 4060; baseline 0.004 -14"><span class='ocrx_word' id='word_1_248' title='bbox 248 3995 507 4058; x_wconf 74' lang='lat' dir='ltr'><strong>Asinario)</strong></span> <span class='ocrx_word' id='word_1_249' title='bbox 526 4010 574 4048; x_wconf 80' lang='lat' dir='ltr'><strong>et</strong></span> <span class='ocrx_word' id='word_1_250' title='bbox 602 4017 783 4052; x_wconf 78' lang='lat' dir='ltr'><strong>summa</strong></span> <span class='ocrx_word' id='word_1_251' title='bbox 810 3998 1117 4051; x_wconf 76' lang='lat' dir='ltr'><strong>mansuetudo</strong></span> <span class='ocrx_word' id='word_1_252' title='bbox 1152 3995 1172 4060; x_wconf 96' lang='lat'>(</span> <span class='ocrx_word' id='word_1_253' title='bbox 1202 3998 1254 4056; x_wconf 80' lang='lat' dir='ltr'><strong>in</strong></span> 
     </span>
     <span class='ocr_line' id='line_1_39' title="bbox 247 4075 1257 4149; baseline 0.004 -24"><span class='ocrx_word' id='word_1_254' title='bbox 247 4093 359 4146; x_wconf 74' lang='lat' dir='ltr'><strong>rege</strong></span> <span class='ocrx_word' id='word_1_255' title='bbox 382 4077 679 4130; x_wconf 75' lang='lat' dir='ltr'><strong>Alexandro</strong></span> <span class='ocrx_word' id='word_1_256' title='bbox 697 4075 716 4138; x_wconf 94' lang='lat'>)</span> <span class='ocrx_word' id='word_1_257' title='bbox 733 4083 939 4149; x_wconf 76' lang='lat' dir='ltr'><strong>conspici</strong></span> <span class='ocrx_word' id='word_1_258' title='bbox 955 4090 1127 4149; x_wconf 76' lang='lat' dir='ltr'><strong>potest.</strong></span> <span class='ocrx_word' id='word_1_259' title='bbox 1154 4079 1257 4131; x_wconf 77' lang='lat' dir='ltr'><strong>Noc</strong></span> 
     </span>
    </p>
   </div>
   <div class='ocr_carea' id='block_1_5' title="bbox 251 4156 1255 4225">
    <p class='ocr_par' dir='ltr' id='par_1_6' title="bbox 251 4156 1255 4225">
     <span class='ocr_line' id='line_1_40' title="bbox 251 4156 1255 4225; baseline 0.005 -19"><span class='ocrx_word' id='word_1_260' title='bbox 251 4161 392 4208; x_wconf 73' lang='lat' dir='ltr'><strong>minus</strong></span> <span class='ocrx_word' id='word_1_261' title='bbox 408 4177 588 4210; x_wconf 66' lang='lat' dir='ltr'><strong>swano</strong></span> <span class='ocrx_word' id='word_1_262' title='bbox 604 4159 843 4211; x_wconf 74' lang='lat' dir='ltr'><strong>calliditas</strong></span> <span class='ocrx_word' id='word_1_263' title='bbox 852 4161 955 4225; x_wconf 77' lang='lat' dir='ltr'><strong>suit</strong></span> <span class='ocrx_word' id='word_1_264' title='bbox 973 4163 1024 4210; x_wconf 77' lang='lat' dir='ltr'><strong>in</strong></span> <span class='ocrx_word' id='word_1_265' title='bbox 1047 4156 1255 4220; x_wconf 74' lang='lat' dir='ltr'><strong>(OEba·</strong></span> 
     </span>
    </p>
   </div>
   <div class='ocr_carea' id='block_1_6' title="bbox 1330 2231 2368 4228">
    <p class='ocr_par' dir='ltr' id='par_1_7' title="bbox 1330 2231 2350 2375">
     <span class='ocr_line' id='line_1_41' title="bbox 1330 2231 2350 2305; baseline -0.002 -17"><span class='ocrx_word' id='word_1_266' title='bbox 1330 2231 1425 2296; x_wconf 83' lang='lat' dir='ltr'><strong>re)</strong></span> <span class='ocrx_word' id='word_1_267' title='bbox 1463 2237 1681 2305; x_wconf 75' lang='lat' dir='ltr'><strong>equisone</strong></span> <span class='ocrx_word' id='word_1_268' title='bbox 1716 2238 1844 2303; x_wconf 69' lang='lat' dir='ltr'><strong>mgis</strong></span> <span class='ocrx_word' id='word_1_269' title='bbox 1885 2236 2080 2287; x_wconf 76' lang='lat' dir='ltr'><strong>alterius</strong></span> <span class='ocrx_word' id='word_1_270' title='bbox 2122 2232 2350 2303; x_wconf 78' lang='lat' dir='ltr'><strong>(nempe</strong></span> 
     </span>
     <span class='ocr_line' id='line_1_42' title="bbox 1332 2311 1528 2375; baseline 0.005 -9"><span class='ocrx_word' id='word_1_271' title='bbox 1332 2311 1528 2375; x_wconf 82' lang='lat' dir='ltr'><strong>Darii).</strong></span> 
     </span>
    </p>

    <p class='ocr_par' dir='ltr' id='par_1_8' title="bbox 1331 2392 2368 4228">
     <span class='ocr_line' id='line_1_43' title="bbox 1415 2392 2349 2457; baseline -0.004 -10"><span class='ocrx_word' id='word_1_272' title='bbox 1415 2395 1468 2448; x_wconf 84' lang='grc'><strong>3.</strong></span> <span class='ocrx_word' id='word_1_273' title='bbox 1514 2395 1866 2445; x_wconf 73' lang='lat' dir='ltr'><strong>Domiuatione.</strong></span> <span class='ocrx_word' id='word_1_274' title='bbox 1904 2392 2034 2444; x_wconf 87' lang='lat' dir='ltr'><strong>Vid.</strong></span> <span class='ocrx_word' id='word_1_275' title='bbox 2064 2392 2260 2445; x_wconf 78' lang='lat' dir='ltr'><strong>Justin.</strong></span> <span class='ocrx_word' id='word_1_276' title='bbox 2291 2393 2349 2457; x_wconf 78' lang='grc' dir='ltr'><strong>Ι,</strong></span> 
     </span>
     <span class='ocr_line' id='line_1_44' title="bbox 1340 2472 2345 2543; baseline -0.003 -17"><span class='ocrx_word' id='word_1_277' title='bbox 1340 2492 1435 2537; x_wconf 85' lang='lat'><strong>103</strong></span> <span class='ocrx_word' id='word_1_278' title='bbox 1462 2472 1718 2525; x_wconf 79' lang='lat' dir='ltr'><strong>Herodot.</strong></span> <span class='ocrx_word' id='word_1_279' title='bbox 1745 2474 1823 2525; x_wconf 90' lang='lat'><strong>111</strong></span> <span class='ocrx_word' id='word_1_280' title='bbox 1840 2512 1855 2539; x_wconf 87' lang='lat'>,</span> <span class='ocrx_word' id='word_1_281' title='bbox 1884 2474 1973 2527; x_wconf 80' lang='lat'><strong>85.</strong></span> <span class='ocrx_word' id='word_1_282' title='bbox 1989 2506 2068 2515; x_wconf 93' lang='lat'><strong>——</strong></span> <span class='ocrx_word' id='word_1_283' title='bbox 2088 2474 2345 2543; x_wconf 63' lang='lat' dir='ltr'><strong>Oppi-essa.</strong></span> 
     </span>
     <span class='ocr_line' id='line_1_45' title="bbox 1332 2551 2352 2625; baseline -0.004 -16"><span class='ocrx_word' id='word_1_284' title='bbox 1332 2555 1491 2609; x_wconf 83' lang='lat' dir='ltr'><strong>Multi</strong></span> <span class='ocrx_word' id='word_1_285' title='bbox 1523 2554 1721 2610; x_wconf 71' lang='lat' dir='ltr'><strong>Perside</strong></span> <span class='ocrx_word' id='word_1_286' title='bbox 1748 2573 1985 2625; x_wconf 75' lang='lat' dir='ltr'><strong>oppressa.</strong></span> <span class='ocrx_word' id='word_1_287' title='bbox 2018 2551 2121 2607; x_wconf 86' lang='lat' dir='ltr'><strong>Sed</strong></span> <span class='ocrx_word' id='word_1_288' title='bbox 2151 2565 2352 2606; x_wconf 75' lang='lat' dir='ltr'><strong>veteres</strong></span> 
     </span>
     <span class='ocr_line' id='line_1_46' title="bbox 1331 2635 2351 2689; baseline -0.004 -1"><span class='ocrx_word' id='word_1_289' title='bbox 1331 2637 1454 2689; x_wconf 88' lang='lat' dir='ltr'><strong>libri</strong></span> <span class='ocrx_word' id='word_1_290' title='bbox 1493 2650 1635 2689; x_wconf 80' lang='lat' dir='ltr'><strong>recte</strong></span> <span class='ocrx_word' id='word_1_291' title='bbox 1681 2636 1935 2688; x_wconf 86' lang='lat' dir='ltr'><strong>omittunt</strong></span> <span class='ocrx_word' id='word_1_292' title='bbox 1991 2635 2205 2685; x_wconf 78' lang='lat' dir='ltr'><strong>Perside.</strong></span> <span class='ocrx_word' id='word_1_293' title='bbox 2249 2635 2351 2686; x_wconf 78' lang='lat' dir='ltr'><strong>Res</strong></span> 
     </span>
     <span class='ocr_line' id='line_1_47' title="bbox 1333 2714 2349 2786; baseline -0.001 -20"><span class='ocrx_word' id='word_1_294' title='bbox 1333 2716 1473 2768; x_wconf 85' lang='lat' dir='ltr'><strong>enim</strong></span> <span class='ocrx_word' id='word_1_295' title='bbox 1518 2714 1705 2769; x_wconf 85' lang='lat' dir='ltr'><strong>accidit</strong></span> <span class='ocrx_word' id='word_1_296' title='bbox 1737 2716 1904 2786; x_wconf 82' lang='lat' dir='ltr'><strong>Magis</strong></span> <span class='ocrx_word' id='word_1_297' title='bbox 1944 2717 2050 2784; x_wconf 83' lang='lat' dir='ltr'><strong>jam</strong></span> <span class='ocrx_word' id='word_1_298' title='bbox 2088 2714 2349 2785; x_wconf 82' lang='lat' dir='ltr'><strong>oppressis</strong></span> 
     </span>
     <span class='ocr_line' id='line_1_48' title="bbox 1334 2793 2350 2854; baseline -0.002 -6"><span class='ocrx_word' id='word_1_299' title='bbox 1334 2808 1382 2848; x_wconf 84' lang='lat' dir='ltr'><strong>et</strong></span> <span class='ocrx_word' id='word_1_300' title='bbox 1408 2796 1593 2848; x_wconf 72' lang='lat' dir='ltr'><strong>occisis</strong></span> <span class='ocrx_word' id='word_1_301' title='bbox 1611 2836 1625 2854; x_wconf 84' lang='grc'>,</span> <span class='ocrx_word' id='word_1_302' title='bbox 1666 2814 1724 2847; x_wconf 87' lang='lat' dir='ltr'><strong>ac</strong></span> <span class='ocrx_word' id='word_1_303' title='bbox 1765 2793 1976 2847; x_wconf 84' lang='lat' dir='ltr'><strong>Perside</strong></span> <span class='ocrx_word' id='word_1_304' title='bbox 2006 2795 2241 2847; x_wconf 80' lang='lat' dir='ltr'><strong>liberata.</strong></span> <span class='ocrx_word' id='word_1_305' title='bbox 2270 2825 2350 2836; x_wconf 91' lang='grc'><strong>--</strong></span> 
     </span>
     <span class='ocr_line' id='line_1_49' title="bbox 1334 2875 2354 2947; baseline -0.003 -19"><span class='ocrx_word' id='word_1_306' title='bbox 1334 2877 1445 2929; x_wconf 63' lang='lat' dir='ltr'><strong>Sex.</strong></span> <span class='ocrx_word' id='word_1_307' title='bbox 1467 2877 1553 2927; x_wconf 90' lang='lat' dir='ltr'><strong>Sic</strong></span> <span class='ocrx_word' id='word_1_308' title='bbox 1576 2877 1775 2947; x_wconf 87' lang='lat' dir='ltr'><strong>optime</strong></span> <span class='ocrx_word' id='word_1_309' title='bbox 1798 2877 2137 2946; x_wconf 84' lang='lat' dir='ltr'><strong>conjecerunt</strong></span> <span class='ocrx_word' id='word_1_310' title='bbox 2155 2875 2354 2927; x_wconf 82' lang='lat' dir='ltr'><strong>Gevar-</strong></span> 
     </span>
     <span class='ocr_line' id='line_1_50' title="bbox 1336 2954 2356 3027; baseline 0.001 -20"><span class='ocrx_word' id='word_1_311' title='bbox 1336 2957 1439 3010; x_wconf 74' lang='lat' dir='ltr'><strong>tius</strong></span> <span class='ocrx_word' id='word_1_312' title='bbox 1468 2968 1520 3008; x_wconf 88' lang='lat' dir='ltr'><strong>et</strong></span> <span class='ocrx_word' id='word_1_313' title='bbox 1544 2957 1843 3027; x_wconf 73' lang='lat' dir='ltr'><strong>Rupertus3</strong></span> <span class='ocrx_word' id='word_1_314' title='bbox 1875 2974 1998 3008; x_wconf 75' lang='lat' dir='ltr'><strong>nam</strong></span> <span class='ocrx_word' id='word_1_315' title='bbox 2023 2955 2147 3009; x_wconf 83' lang='lat' dir='ltr'><strong>libri</strong></span> <span class='ocrx_word' id='word_1_316' title='bbox 2173 2954 2356 3025; x_wconf 67' lang='lat' dir='ltr'><strong>scripti</strong></span> 
     </span>
     <span class='ocr_line' id='line_1_51' title="bbox 1336 3034 2350 3107; baseline -0.004 -17"><span class='ocrx_word' id='word_1_317' title='bbox 1336 3050 1424 3090; x_wconf 79' lang='lat' dir='ltr'><strong>aut</strong></span> <span class='ocrx_word' id='word_1_318' title='bbox 1460 3034 1590 3088; x_wconf 74' lang='lat' dir='ltr'><strong>editi</strong></span> <span class='ocrx_word' id='word_1_319' title='bbox 1634 3055 1733 3107; x_wconf 83' lang='lat' dir='ltr'><strong>pro</strong></span> <span class='ocrx_word' id='word_1_320' title='bbox 1769 3056 1850 3088; x_wconf 65' lang='lat' dir='ltr'><strong>sev</strong></span> <span class='ocrx_word' id='word_1_321' title='bbox 1884 3047 1973 3088; x_wconf 83' lang='lat' dir='ltr'><strong>aut</strong></span> <span class='ocrx_word' id='word_1_322' title='bbox 2004 3035 2200 3088; x_wconf 74' lang='lat' dir='ltr'><strong>habent</strong></span> <span class='ocrx_word' id='word_1_323' title='bbox 2238 3056 2350 3094; x_wconf 66' lang='grc' dir='ltr'><strong>ατ,</strong></span> 
     </span>
     <span class='ocr_line' id='line_1_52' title="bbox 1334 3116 2353 3188; baseline -0.001 -20"><span class='ocrx_word' id='word_1_324' title='bbox 1334 3130 1421 3168; x_wconf 82' lang='lat' dir='ltr'><strong>aut</strong></span> <span class='ocrx_word' id='word_1_325' title='bbox 1454 3117 1591 3168; x_wconf 85' lang='lat' dir='ltr'><strong>hanc</strong></span> <span class='ocrx_word' id='word_1_326' title='bbox 1630 3135 1811 3170; x_wconf 81' lang='lat' dir='ltr'><strong>vocem</strong></span> <span class='ocrx_word' id='word_1_327' title='bbox 1842 3135 2057 3188; x_wconf 73' lang='lat' dir='ltr'><strong>prorsus</strong></span> <span class='ocrx_word' id='word_1_328' title='bbox 2081 3116 2353 3168; x_wconf 83' lang='lat' dir='ltr'><strong>omittunt.</strong></span> 
     </span>
     <span class='ocr_line' id='line_1_53' title="bbox 1337 3195 2357 3266; baseline -0.002 -16"><span class='ocrx_word' id='word_1_329' title='bbox 1337 3200 1609 3266; x_wconf 70' lang='lat' dir='ltr'><strong>Ama-psit</strong></span> <span class='ocrx_word' id='word_1_330' title='bbox 1623 3198 1805 3249; x_wconf 67' lang='lat' dir='ltr'><strong>Darius</strong></span> <span class='ocrx_word' id='word_1_331' title='bbox 1816 3217 1900 3248; x_wconf 67' lang='lat' dir='ltr'><strong>set</strong></span> <span class='ocrx_word' id='word_1_332' title='bbox 1912 3195 2152 3266; x_wconf 64' lang='lat' dir='ltr'><strong>acb&#39;utom</strong></span> <span class='ocrx_word' id='word_1_333' title='bbox 2161 3236 2176 3257; x_wconf 90' lang='lat'><em>,</em></span> <span class='ocrx_word' id='word_1_334' title='bbox 2190 3214 2357 3266; x_wconf 79' lang='lat' dir='ltr'><strong>quum</strong></span> 
     </span>
     <span class='ocr_line' id='line_1_54' title="bbox 1337 3276 2358 3347; baseline 0 -17"><span class='ocrx_word' id='word_1_335' title='bbox 1337 3277 1551 3347; x_wconf 77' lang='lat' dir='ltr'><strong>Magum</strong></span> <span class='ocrx_word' id='word_1_336' title='bbox 1560 3277 1856 3332; x_wconf 75' lang='lat' dir='ltr'><strong>interficere</strong></span> <span class='ocrx_word' id='word_1_337' title='bbox 1867 3277 1921 3328; x_wconf 90' lang='lat' dir='ltr'><strong>in</strong></span> <span class='ocrx_word' id='word_1_338' title='bbox 1934 3276 2358 3340; x_wconf 46' lang='lat' dir='ltr'><strong>animohabereu</strong></span> 
     </span>
     <span class='ocr_line' id='line_1_55' title="bbox 1338 3356 2356 3427; baseline -0.002 -17"><span class='ocrx_word' id='word_1_339' title='bbox 1338 3370 1390 3411; x_wconf 85' lang='lat' dir='ltr'><strong>et</strong></span> <span class='ocrx_word' id='word_1_340' title='bbox 1411 3358 1626 3409; x_wconf 76' lang='lat' dir='ltr'><strong>suerunt</strong></span> <span class='ocrx_word' id='word_1_341' title='bbox 1653 3357 1738 3409; x_wconf 81' lang='lat' dir='ltr'><strong>isti</strong></span> <span class='ocrx_word' id='word_1_342' title='bbox 1759 3356 2023 3427; x_wconf 80' lang='lat' dir='ltr'><strong>adjutores</strong></span> <span class='ocrx_word' id='word_1_343' title='bbox 2048 3357 2253 3426; x_wconf 73' lang='lat' dir='ltr'><strong>ejusdem</strong></span> <span class='ocrx_word' id='word_1_344' title='bbox 2280 3357 2356 3408; x_wconf 71' lang='lat' dir='ltr'><strong>da·-</strong></span> 
     </span>
     <span class='ocr_line' id='line_1_56' title="bbox 1336 3437 2360 3508; baseline 0.001 -20"><span class='ocrx_word' id='word_1_345' title='bbox 1336 3439 1541 3508; x_wconf 68' lang='lat' dir='ltr'><strong>gm&#39;tatu&#39;s</strong></span> <span class='ocrx_word' id='word_1_346' title='bbox 1553 3476 1568 3499; x_wconf 85' lang='lat'>‚</span> <span class='ocrx_word' id='word_1_347' title='bbox 1581 3455 1697 3506; x_wconf 66' lang='lat' dir='ltr'><strong>quc</strong></span> <span class='ocrx_word' id='word_1_348' title='bbox 1710 3455 1864 3490; x_wconf 79' lang='lat' dir='ltr'><strong>voces</strong></span> <span class='ocrx_word' id='word_1_349' title='bbox 1878 3455 1987 3490; x_wconf 87' lang='lat' dir='ltr'><strong>non</strong></span> <span class='ocrx_word' id='word_1_350' title='bbox 2002 3437 2220 3507; x_wconf 77' lang='lat' dir='ltr'><strong>intelligi</strong></span> <span class='ocrx_word' id='word_1_351' title='bbox 2237 3455 2360 3508; x_wconf 67' lang='lat' dir='ltr'><strong>pos·</strong></span> 
     </span>
     <span class='ocr_line' id='line_1_57' title="bbox 1339 3517 2363 3586; baseline -0.001 -16"><span class='ocrx_word' id='word_1_352' title='bbox 1339 3517 1469 3582; x_wconf 88' lang='lat' dir='ltr'><strong>sint,</strong></span> <span class='ocrx_word' id='word_1_353' title='bbox 1488 3517 1531 3568; x_wconf 80' lang='lat' dir='ltr'><strong>si</strong></span> <span class='ocrx_word' id='word_1_354' title='bbox 1547 3517 1689 3586; x_wconf 74' lang='lat' dir='ltr'><strong>legas</strong></span> <span class='ocrx_word' id='word_1_355' title='bbox 1700 3537 1800 3569; x_wconf 69' lang='lat' dir='ltr'><strong>tes.</strong></span> <span class='ocrx_word' id='word_1_356' title='bbox 1812 3548 1891 3559; x_wconf 92' lang='lat'><strong>—-</strong></span> <span class='ocrx_word' id='word_1_357' title='bbox 1907 3517 2239 3586; x_wconf 59' lang='lat' dir='ltr'><strong>Aeh&#39;utoribus.</strong></span> <span class='ocrx_word' id='word_1_358' title='bbox 2259 3517 2363 3569; x_wconf 80' lang='lat' dir='ltr'><strong>No·</strong></span> 
     </span>
     <span class='ocr_line' id='line_1_58' title="bbox 1340 3597 2360 3668; baseline -0.003 -17"><span class='ocrx_word' id='word_1_359' title='bbox 1340 3598 1563 3661; x_wconf 77' lang='lat' dir='ltr'><strong>bilibus,</strong></span> <span class='ocrx_word' id='word_1_360' title='bbox 1592 3597 1683 3668; x_wconf 78' lang='lat' dir='ltr'><strong>qui</strong></span> <span class='ocrx_word' id='word_1_361' title='bbox 1718 3616 1841 3650; x_wconf 90' lang='lat' dir='ltr'><strong>cum</strong></span> <span class='ocrx_word' id='word_1_362' title='bbox 1871 3597 2031 3649; x_wconf 79' lang='lat' dir='ltr'><strong>Dario</strong></span> <span class='ocrx_word' id='word_1_363' title='bbox 2062 3616 2239 3666; x_wconf 69' lang='lat' dir='ltr'><strong>magos</strong></span> <span class='ocrx_word' id='word_1_364' title='bbox 2262 3615 2360 3666; x_wconf 89' lang='lat' dir='ltr'><strong>op·</strong></span> 
     </span>
     <span class='ocr_line' id='line_1_59' title="bbox 1340 3677 2368 3749; baseline -0.001 -20"><span class='ocrx_word' id='word_1_365' title='bbox 1340 3690 1650 3749; x_wconf 83' lang='lat' dir='ltr'><strong>presserant.</strong></span> <span class='ocrx_word' id='word_1_366' title='bbox 1666 3709 1747 3722; x_wconf 83' lang='grc'><strong>---</strong></span> <span class='ocrx_word' id='word_1_367' title='bbox 1759 3677 1888 3732; x_wconf 68' lang='lat' dir='ltr'><strong>Solis</strong></span> <span class='ocrx_word' id='word_1_368' title='bbox 1905 3689 2029 3730; x_wconf 69' lang='lat' dir='ltr'><strong>ortu.</strong></span> <span class='ocrx_word' id='word_1_369' title='bbox 2045 3677 2227 3741; x_wconf 86' lang='lat' dir='ltr'><strong>Quum</strong></span> <span class='ocrx_word' id='word_1_370' title='bbox 2242 3677 2368 3728; x_wconf 84' lang='lat' dir='ltr'><strong>Per-</strong></span> 
     </span>
     <span class='ocr_line' id='line_1_60' title="bbox 1342 3757 2359 3826; baseline -0.004 -15"><span class='ocrx_word' id='word_1_371' title='bbox 1342 3776 1437 3821; x_wconf 65' lang='grc' dir='ltr'><strong>σε,</strong></span> <span class='ocrx_word' id='word_1_372' title='bbox 1473 3758 1609 3812; x_wconf 84' lang='lat' dir='ltr'><strong>sicut</strong></span> <span class='ocrx_word' id='word_1_373' title='bbox 1647 3769 1701 3811; x_wconf 89' lang='lat' dir='ltr'><strong>et</strong></span> <span class='ocrx_word' id='word_1_374' title='bbox 1735 3776 1878 3810; x_wconf 84' lang='lat' dir='ltr'><strong>nunc</strong></span> <span class='ocrx_word' id='word_1_375' title='bbox 1915 3757 2106 3809; x_wconf 67' lang='lat' dir='ltr'><strong>Gebrae</strong></span> <span class='ocrx_word' id='word_1_376' title='bbox 2154 3757 2359 3826; x_wconf 78' lang='lat' dir='ltr'><strong>iguem,</strong></span> 
     </span>
     <span class='ocr_line' id='line_1_61' title="bbox 1342 3836 2360 3906; baseline 0 -16"><span class='ocrx_word' id='word_1_377' title='bbox 1342 3838 1503 3890; x_wconf 80' lang='lat' dir='ltr'><strong>solem</strong></span> <span class='ocrx_word' id='word_1_378' title='bbox 1522 3876 1537 3900; x_wconf 89' lang='lat'>,</span> <span class='ocrx_word' id='word_1_379' title='bbox 1579 3850 1844 3906; x_wconf 81' lang='lat' dir='ltr'><strong>tamquam</strong></span> <span class='ocrx_word' id='word_1_380' title='bbox 1874 3850 2128 3889; x_wconf 63' lang='lat' dir='ltr'><strong>aternum</strong></span> <span class='ocrx_word' id='word_1_381' title='bbox 2157 3836 2360 3905; x_wconf 76' lang='lat' dir='ltr'><strong>ignem,</strong></span> 
     </span>
     <span class='ocr_line' id='line_1_62' title="bbox 1342 3914 2360 3988; baseline -0.003 -18"><span class='ocrx_word' id='word_1_382' title='bbox 1342 3916 1647 3981; x_wconf 79' lang='lat' dir='ltr'><strong>adorarent,</strong></span> <span class='ocrx_word' id='word_1_383' title='bbox 1674 3929 1758 3981; x_wconf 82' lang='lat' dir='ltr'><strong>et,</strong></span> <span class='ocrx_word' id='word_1_384' title='bbox 1778 3914 2228 3988; x_wconf 81' lang='lat' dir='ltr'><strong>quemadmodum</strong></span> <span class='ocrx_word' id='word_1_385' title='bbox 2254 3917 2360 3968; x_wconf 79' lang='lat' dir='ltr'><strong>Ro-</strong></span> 
     </span>
     <span class='ocr_line' id='line_1_63' title="bbox 1344 3997 2360 4067; baseline 0 -18"><span class='ocrx_word' id='word_1_386' title='bbox 1344 3999 1485 4050; x_wconf 81' lang='lat' dir='ltr'><strong>mani</strong></span> <span class='ocrx_word' id='word_1_387' title='bbox 1513 3998 1684 4050; x_wconf 80' lang='lat' dir='ltr'><strong>corvis</strong></span> <span class='ocrx_word' id='word_1_388' title='bbox 1707 3997 1996 4067; x_wconf 68' lang='lat' dir='ltr'><strong>Apollinis,</strong></span> <span class='ocrx_word' id='word_1_389' title='bbox 2015 3997 2089 4049; x_wconf 85' lang='lat' dir='ltr'><strong>sic</strong></span> <span class='ocrx_word' id='word_1_390' title='bbox 2114 4014 2250 4067; x_wconf 85' lang='lat' dir='ltr'><strong>equo</strong></span> <span class='ocrx_word' id='word_1_391' title='bbox 2277 4015 2360 4049; x_wconf 80' lang='lat' dir='ltr'><strong>so·</strong></span> 
     </span>
     <span class='ocr_line' id='line_1_64' title="bbox 1342 4076 2361 4148; baseline -0.003 -18"><span class='ocrx_word' id='word_1_392' title='bbox 1342 4078 1407 4130; x_wconf 83' lang='lat' dir='ltr'><strong>lis</strong></span> <span class='ocrx_word' id='word_1_393' title='bbox 1446 4079 1772 4131; x_wconf 77' lang='lat' dir='ltr'><strong>voluntatem</strong></span> <span class='ocrx_word' id='word_1_394' title='bbox 1809 4076 2030 4129; x_wconf 77' lang='lat' dir='ltr'><strong>revelari</strong></span> <span class='ocrx_word' id='word_1_395' title='bbox 2071 4095 2221 4148; x_wconf 76' lang='lat' dir='ltr'><strong>posse</strong></span> <span class='ocrx_word' id='word_1_396' title='bbox 2250 4095 2361 4130; x_wconf 86' lang='lat' dir='ltr'><strong>cre-</strong></span> 
     </span>
     <span class='ocr_line' id='line_1_65' title="bbox 1342 4155 2364 4228; baseline -0.004 -18"><span class='ocrx_word' id='word_1_397' title='bbox 1342 4156 1559 4220; x_wconf 86' lang='lat' dir='ltr'><strong>derent,</strong></span> <span class='ocrx_word' id='word_1_398' title='bbox 1594 4155 1737 4228; x_wconf 85' lang='lat' dir='ltr'><strong>quod</strong></span> <span class='ocrx_word' id='word_1_399' title='bbox 1780 4169 1831 4208; x_wconf 88' lang='lat' dir='ltr'><strong>et</strong></span> <span class='ocrx_word' id='word_1_400' title='bbox 1870 4157 1926 4208; x_wconf 86' lang='lat' dir='ltr'><strong>in</strong></span> <span class='ocrx_word' id='word_1_401' title='bbox 1950 4155 2212 4217; x_wconf 74' lang='lat' dir='ltr'><strong>Venedis.</strong></span> <span class='ocrx_word' id='word_1_402' title='bbox 2250 4157 2364 4209; x_wconf 70' lang='lat' dir='ltr'><strong>sine</strong></span> 
     </span>
    </p>
   </div>
  </div>
 </body>
</html>
