3143 5204
781 448 876 519 3ο
1136 448 1586 516 VALERII
1644 447 2060 515 MAXIMI
2117 448 2308 515 LIB.
2365 450 2546 516 VII.

776 584 885 675 qui
935 581 1017 649 ad
1074 578 1315 650 bellum
1374 578 1788 646 inferendum
1835 580 2152 648 Romanis
2207 580 2493 648 maxima
2547 581 2905 675 cupiditate

775 713 1126 773 accensus,
1164 711 1368 780 quum
1410 683 1663 779 aliquot
1696 684 1986 754 adversis
2027 684 2262 779 praeliis
2299 701 2609 756 contusos
2653 689 2906 758 animos

778 819 1045 863 suorum
1064 848 1083 881 ,
1111 807 1178 861 et
1206 792 1292 861 ob
1324 791 1388 859 id
1424 794 1567 885 paci
1603 794 1950 885 proniores
1980 792 2564 881 animadverteret,
2598 794 2905 864 insidiosa

777 904 1066 986 ratione,
1095 924 1227 994 quo
1252 897 1515 966 volebat
1535 951 1552 983 ‚
1583 896 1939 993 compulit;
1969 922 2122 967 nam
2161 924 2361 992 quum
2392 900 2905 993 spectandorum

776 1007 1084 1076 ludorum
1149 1006 1358 1099 gratia
1385 1003 1401 1027 ¹
1464 1027 1703 1097 magna
1749 1004 2143 1073 Volscorum
2203 1004 2556 1075 multitudo
2618 1009 2904 1076 Romam

776 1115 1191 1183 convenisset
1215 1167 1233 1199 ‚
1267 1110 1647 1180 consulibus
1690 1110 1889 1199 dixit,
1925 1112 2368 1181 Vehementer
2405 1137 2481 1180 se
2515 1118 2744 1181 timere
2756 1167 2778 1199 ,
2821 1138 2909 1183 ne

772 1221 945 1315 quid
965 1220 1207 1288 hostile
1234 1218 1456 1286 subito
1483 1219 1878 1286 molirentur
1899 1244 1920 1285 .·
1950 1221 2334 1313 monuitque
2348 1273 2367 1305 ‚
2394 1235 2473 1286 ut
2492 1235 2719 1288 essent
2742 1244 2904 1289 cau-

775 1333 1013 1414 tiores,
1041 1341 1105 1393 et
1133 1326 1433 1420 protinus
1465 1325 1604 1419 ipse
1641 1325 1806 1393 urbe
1843 1350 2141 1420 egressus
2172 1340 2288 1394 est.
2322 1326 2541 1413 Quam
2576 1351 2715 1394 rem
2746 1352 2906 1395 con·

776 1431 946 1501 sules
983 1432 1066 1500 ad
1111 1445 1408 1500 senatum
1451 1429 1888 1499 retulerunt²:
1932 1434 2081 1526 qui,
2111 1433 2368 1501 tametsi
2404 1431 2582 1501 nulla
2622 1435 2908 1527 suspicio

776 1539 1078 1623 suberat,
1122 1540 1511 1607 auctoritate
1551 1552 1774 1606 tamen
1807 1536 1978 1607 Tulli
2023 1554 2393 1608 commotus
2415 1592 2433 1624 ‚
2469 1555 2548 1607 ut
2580 1555 2743 1608 ante
2783 1564 2910 1609 no-

775 1662 947 1715 ctem
992 1647 1232 1715 Volsci
1278 1644 1584 1731 abirent,
1634 1645 1946 1713 decrevit.
1994 1647 2145 1732 Qua
2191 1644 2589 1714 contumelia
2627 1647 2906 1733 irritati,

663 1749 675 1758 ”
777 1751 965 1821 facile
1005 1751 1252 1845 impelli
1295 1766 1657 1846 potuerunt
1699 1750 1782 1818 ad
1832 1749 2302 1821 rebellandum.
2343 1754 2442 1820 Ita
2487 1752 2909 1822 mendacium

774 1860 1021 1928 versuti
1067 1858 1288 1944 duciS‚
1330 1856 1743 1926 simulatione
1789 1857 2264 1927 benevolentiae
2297 1857 2700 1944 involutum,
2738 1859 2908 1930 duos

779 1963 968 2034 simul
1017 1964 1297 2059 populos
1351 1961 1579 2032 fefellit
1618 1988 1631 2030 τ
1674 1967 2091 2053 Romanum,
2130 1981 2208 2033 ut
2262 1968 2550 2035 insontes
2601 1981 2908 2054 notaret;

780 2071 1135 2157 Volscum,
1175 2086 1248 2139 ut
1291 2070 1582 2165 deceptis
1625 2071 2036 2139 irasceretur.

1475 2324 1963 2413 CAPUT
2048 2327 2215 2413 IV.

1299 2527 1395 2590 De
1428 2530 1885 2612 strategematis
1920 2527 2367 2589 Romanorum.

777 2694 815 2722 ι,
841 2677 967 2723 ‘rum
992 2675 1179 2723 Hostilii
1208 2674 1345 2736 regis.
1379 2699 1442 2708 —-
1470 2688 1515 2718 2.
1544 2675 1651 2719 Sex.
1671 2673 1912 2733 Tarquinii
1934 2676 1988 2719 1..
2015 2674 2068 2719 1²¹.
2096 2699 2159 2709 —-
2185 2675 2227 2720 3.
2256 2674 2562 2722 Obnessomm
2588 2676 2635 2720 in
2660 2676 2907 2738 Capitolio.

1046 2781 1108 2791 -—-
1132 2762 1179 2808 4.
1199 2756 1264 2800 M.
1288 2754 1433 2807 Livii,
1456 2756 1509 2800 C.
1532 2753 1715 2800 Claudii
1739 2768 1855 2799 coss.
1881 2779 1943 2787 —
1969 2754 2010 2800 5.
2035 2756 2092 2811 Q.
2120 2754 2299 2800 Metelli
2319 2754 2627 2802 Macedonici.

1298 2913 1395 2975 De
1430 2915 1887 2997 strategematis
1923 2913 2374 2975 Externorum.

1053 3078 1092 3107 ι.
1118 3059 1384 3121 Agathoclis
1401 3093 1414 3114 ‚
1440 3061 1836 3117 Syracusanorum
1858 3061 1996 3120 regis.
2022 3085 2080 3093 ·—
2107 3074 2151 3104 a.
2173 3059 2443 3104 Hannibalis
2469 3061 2609 3120 poni.

1071 3236 1177 3288 DE
1220 3227 1972 3288 'STRATEGEMATIS
2021 3234 2611 3288 ROMANORUM.

881 3405 1003 3476 Illa
1035 3430 1192 3474 vero
1220 3430 1371 3500 pars
1401 3403 1776 3473 calliditatis
1808 3405 2105 3498 egregia,
2136 3419 2203 3472 et
2226 3404 2311 3472 ab
2333 3405 2514 3474 omni
2540 3407 2908 3499 reprehen-

778 3520 958 3584 sione
997 3510 1227 3607 procul
1265 3525 1554 3598 remota,
1590 3511 1778 3604 cujus
1827 3535 2063 3605 opera,
2107 3512 2261 3604 quia
2306 3509 2742 3606 appellatione
2788 3540 2900 3582 no-

778 3715 1024 3771 editionis
1045 3733 1060 3779 ς
1095 3713 1232 3766 Plut.
1264 3712 1319 3764 in
1346 3712 1546 3765 Coriol.
1577 3713 1796 3783 Dyonis.
1886 3711 2119 3764 Danielis
2132 3717 2296 3781 gratia
2317 3714 2494 3766 abesse
2515 3712 2748 3778 videret,
2770 3715 2909 3769 hanc

778 3800 870 3853 lib.
884 3796 1037 3848 VIII.
1066 3793 1236 3864 Hujus
1257 3792 1386 3844 Attii
1413 3792 1556 3844 Tulli
1577 3792 1799 3844 Volsco·
1865 3809 2067 3844 ‘vocem
2090 3810 2389 3864 expungere
2412 3813 2520 3845 non
2544 3792 2827 3848 dubitavit.

776 3899 896 3932 rum
920 3873 1176 3948 principis
1201 3872 1432 3943 hospitio
1460 3874 1706 3925 utebatur
1729 3872 1796 3936 Q.
1970 3892 2019 3925 α.
2047 3872 2342 3925 Retuleremt.
2366 3872 2597 3938 Quidam
2618 3874 2908 3934 detulerunt.

779 3958 1010 4012 Marcius
1033 3954 1365 4008 Coriolanus.
1886 3951 2069 4004 Livius
2092 3951 2160 4004 de
2184 3951 2366 4004 eadem
2389 3972 2475 4017 re,
2491 3954 2545 4005 11
2560 3994 2575 4022 ‚
2599 3955 2700 4022 39:
2734 3981 2755 4002 ι
2779 3974 2908 4008 con-

870 4056 917 4090 1.
942 4036 1182 4087 Ludomm
1210 4036 1390 4103 gratia.
1425 4030 1610 4084 Audax
1644 4032 1800 4084 Cole·
1886 4032 2023 4084 sules
2053 4050 2217 4104 quum
2250 4029 2318 4084 ad
2344 4046 2519 4104 patres
2544 4053 2658 4086 rem
2688 4031 2906 4089 dubiam

784 4138 873 4172 rus
889 4155 905 4182 ‚
936 4114 1081 4187 quod
1113 4133 1277 4187 quum
1308 4113 1373 4164 ab
1395 4131 1505 4164 uno
1527 4109 1711 4164 codice
1736 4112 1798 4163 P.
1887 4113 1988 4163 sub
2011 4124 2155 4165 certo
2182 4125 2395 4166 auctore
2420 4111 2744 4167 detulissent.
2770 4126 2793 4146 ⁸
