3143 5204
758 456 895 537 140
1132 453 1567 519 vALER11
1626 452 2034 519 MAxnvn
2096 454 2284 521 LlB.
2343 455 2472 522 1x.

744 599 1032 653 mentum
1079 583 1363 669 videret,
1398 608 1532 677 quo
1574 585 1790 652 minus
1824 584 2072 678 nuptiis
2102 586 2274 653 inter
2304 611 2373 654 se
2402 585 2863 680 jungerentur.

740 690 944 760 filium
979 715 1203 774 suum,
1232 714 1425 784 quem
1461 703 1530 758 et
1559 687 1804 776 solum,
1832 704 1900 758 et
1928 704 2117 759 aetate
2144 692 2282 784 jam
2319 692 2636 785 puberem
2671 693 2864 761 habe·

741 798 874 882 bat,
919 822 1172 865 veneno
1209 794 1507 867 sustulit:
1548 799 1979 890 protinusque
2015 822 2096 866 ex
2128 822 2291 892 rogo
2325 798 2466 892 ejus
2495 798 2869 868 maritalem

741 903 947 972 facem
993 902 1365 983 accendit¹‚
1419 927 1497 972 ac
1541 928 1731 972 novae
1785 906 2032 974 maritae
2089 904 2440 974 orbitatem
2487 930 2673 974 suam
2717 903 2864 974 loco

740 1012 1027 1078 muneris
1079 1011 1402 1105 erogavit.
1459 1009 1712 1078 Eodem
1766 1010 2003 1080 deinde
2052 1012 2274 1079 animo
2320 1010 2567 1082 civem²
2608 1037 2865 1106 gerens,

738 1142 871 1209 quo
908 1131 1165 1211 patrem
1205 1132 1430 1210 egerat
1451 1169 1470 1202 ‚
1505 1115 1618 1184 filii
1651 1118 1897 1211 pariter
1929 1117 2265 1205 manibuS,
2294 1133 2359 1187 et
2389 1117 2635 1187 nefarie
2663 1133 2866 1188 atten-

743 1237 891 1292 tatae
927 1225 1154 1318 patriae
1190 1248 1418 1317 poenas
1454 1222 1652 1291 dedit.

897 1444 1002 1495 DE
1045 1444 1454 1495 LUXURIA
1496 1444 1601 1495 ET
1651 1445 2067 1497 LIBIDINE
2106 1444 2198 1498 IN
2238 1446 2708 1499 EXTERNIS.

855 1656 910 1699 ι.
956 1634 1043 1700 At
1078 1655 1403 1726 campana
1445 1631 1701 1700 luxuria
1738 1657 2057 1750 perquam
2104 1632 2279 1701 utilis
2324 1634 2575 1701 civitati
2628 1647 2872 1703 nostrae

740 1724 933 1806 fuit³·
917 1792 937 1822 ,
987 1740 1306 1807 invictum
1364 1740 1537 1807 enim
1591 1741 1790 1808 armis
1840 1726 2327 1808 Hannibalem⁶
2369 1737 2691 1808 illecebris
2737 1741 2873 1808 suis

736 1843 1115 1938 complexa,
1143 1846 1539 1914 vincendum
1581 1869 1856 1913 romano
1895 1845 2088 1914 militi
2118 1831 2407 1914 tradidit.
2448 1844 2570 1914 Illa
2588 1838 2871 1939 vigilan·

738 1952 1056 2020 tissimum
1097 1952 1368 2037 ducem,
1412 1950 1522 2019 illa
1563 1954 1920 2020 exercitum
1968 1953 2363 2021 acerrimum
2409 1951 2692 2046 dapibus
2735 1950 2873 2020 lar-

735 2060 864 2150 gis,
893 2057 1254 2127 abundanti
1287 2060 1466 2144 vino,
1489 2072 1983 2152 unguentorum
2014 2057 2405 2151 fragrantia,
2436 2060 2717 2127 Veneris
2747 2083 2876 2127 usu

740 2163 1117 2246 lasciviore,
1163 2164 1246 2233 ad
1291 2189 1601 2234 somnum
1646 2180 1713 2233 et
1755 2163 2022 2234 delicias
2065 2167 2407 2250 evocavit3
2453 2189 2530 2234 ac
2572 2179 2713 2233 tum
2760 2164 2877 2233 de·

738 2295 921 2338 mum
959 2271 1168 2341 fracta
1195 2285 1262 2340 et
1289 2287 1565 2341 contusa
1596 2273 1838 2365 punica
1872 2270 2094 2341 feritas
2136 2285 2271 2358 est,
2306 2296 2511 2365 quum
2544 2257 2876 2365 Seplasia⁵

738 2380 795 2446 ei
831 2393 900 2446 et
940 2377 1194 2446 Albana
1244 2393 1459 2447 castra
1515 2402 1656 2448 esse
1707 2393 2069 2473 coeperunt.
2119 2377 2299 2466 Quid
2347 2402 2508 2472 ergo
2554 2377 2658 2446 his
2701 2380 2881 2446 vitiis

738 2483 973 2553 foedius
999 2538 1018 2571 ,
1069 2484 1229 2579 quid
1273 2486 1470 2554 etiam
1520 2484 1945 2571 damnosius,
1993 2484 2231 2579 quibus
2275 2486 2484 2553 virtus
2532 2486 2879 2569 atteritur,

738 2593 1028 2662 victoriae
1075 2576 1568 2687 languescunt6,
1611 2593 1825 2687 sopita
1858 2590 2118 2712 gloria
2106 2617 2172 2660 m
2216 2591 2549 2661 infamiam
2593 2616 2876 2662 conver·

741 2701 939 2785 titur,
992 2701 1321 2817 animique
1365 2700 1614 2794 pariter
1669 2713 1737 2767 et
1789 2702 2086 2793 corporis
2143 2700 2314 2768 vires
2368 2698 2884 2793 expugnantur?

738 2805 904 2876 adeo
941 2821 1016 2874 ut
1053 2808 1335 2893 nescias,
1367 2805 1452 2873 ab
1489 2805 1914 2894 hostibusne,
1957 2830 2040 2874 an
2085 2805 2168 2873 ab
2205 2804 2329 2932 illis
2362 2807 2508 2899 capi
2551 2807 2880 2899 pernicio-

741 2914 874 2982 sius
916 2913 1292 2982 habendum
1337 2914 1438 2981 sit.

851 3064 916 3105 2.
959 3038 1127 3124 Quae
1171 3037 1368 3105 etiam
1410 3033 1927 3107 Volsiniensium
1975 3040 2207 3107 urbem
2255 3038 2567 3131 gravibus
2609 3052 2674 3106 et
2723 3062 2876 3106 eru-

829 3238 1304 3292 1.Accendit.lllico
1327 3250 1446 3310 post
1463 3257 1646 3292 necem
1666 3238 1762 3291 filii
1936 3240 1986 3291 5.
2023 3237 2262 3308 Seplasia.
2292 3239 2488 3290 Forum
2521 3237 2622 3290 fuit
2650 3238 2881 3309 Capuae,

742 3336 961 3371 uxorem
975 3317 1126 3371 duxit
1135 3318 1434 3371 Orestillam
1452 3332 1543 3386 ‚ut
1553 3338 1620 3372 ex
1634 3338 1764 3390 rogo
1853 3319 1909 3371 in
1942 3337 2051 3389 quo
2081 3318 2300 3389 plurimi
2334 3317 2677 3389 unguentarii
2707 3331 2883 3381 erant;

743 3398 888 3470 quasi
918 3396 1016 3449 filii
1049 3398 1235 3451 taedam
1253 3438 1268 3463 ,
1301 3417 1419 3470 quoe
1440 3399 1765 3453 nubentibus
1856 3398 1980 3451 inde
2008 3398 2328 3468 Seplasiarias
2344 3437 2361 3464 ‚
2380 3398 2473 3469 qui
2494 3412 2764 3469 unguenta
2786 3398 2884 3450 ha·

742 3478 978 3550 praeferri
1010 3479 1230 3544 soleret,
1258 3478 1581 3532 accenderet.
1854 3479 1945 3531 bet
1974 3479 2197 3532 venalia.
2238 3478 2386 3530 Albae
2419 3496 2633 3549 quoque
2660 3496 2886 3548 magnus

828 3578 879 3611 a.
915 3557 1091 3611 Civem.
1122 3558 1352 3612 Patriam
1385 3559 1551 3630 ipsam
1586 3555 1765 3631 perdi·
1854 3577 2108 3612 numerus
2139 3559 2539 3630 myropolarum
2567 3558 2709 3611 fuit:
2738 3555 2885 3610 unde

745 3638 935 3704 disset,
976 3639 1032 3691 ni
1071 3637 1344 3692 Ciceronis
1380 3639 1653 3693 restitisset
1687 3656 1767 3691 sa·
1856 3638 2167 3692 Hannibalis
2196 3651 2362 3691 castra
2391 3637 2546 3691 etiam
2577 3637 2802 3707 Seplasia
2832 3650 2885 3689 et

744 3719 961 3791 pientia.
993 3720 1055 3770 A.
1080 3718 1149 3770 U.
1184 3722 1318 3788 699.
1345 3719 1468 3772 Sall.
1498 3721 1615 3772 Cat.
1647 3718 1734 3771 15.
1856 3718 2057 3772 Albana
2084 3718 2353 3771 dicuntur.
2384 3719 2547 3770 Juxta
2578 3717 2706 3770 alios
2736 3719 2885 3771 vicus

825 3800 876 3850 3.
915 3799 1112 3852 Nostroe
1126 3800 1249 3865 suit.
1274 3800 1338 3850 A.
1371 3800 1441 3851 U.
1483 3799 1616 3869 537.
1650 3799 1764 3852 Liv.
1856 3799 1938 3851 vel
1958 3800 2133 3851 forum
2158 3798 2353 3870 Capua
2370 3798 2616 3852 Albanum
2636 3810 2883 3851 vocatum

742 3879 962 3943 XXI11;
993 3879 1104 3932 Cic.
1134 3879 1278 3933 Rull.
1304 3879 1389 3944 11;
1421 3880 1665 3931 Zonaras.
1858 3892 1935 3932 est
1951 3917 1967 3942 ‚
1997 3878 2277 3950 desumpto
2304 3880 2368 3931 ab
2391 3879 2605 3949 antiqua
2626 3878 2764 3931 Alba
2786 3898 2884 3931 no—

828 3967 878 4021 4.
913 3958 1253 4012 Hannibalem.
1282 3959 1417 4012 Nam
1446 3959 1682 4030 Capuam
1712 3959 1765 4010 in
1860 3960 2015 4012 mine.

744 4039 962 4090 hiberna
1009 4039 1295 4092 exercitum
1345 4037 1652 4092 deduxerat.
1690 4071 1768 4081 —
1939 4044 1990 4093 6.
2010 4041 2360 4109 Languescemt.
2378 4037 2483 4090 Alii
2499 4039 2883 4108 relanguescunt.

751 4119 994 4172 Tradidit.
1021 4120 1122 4173 Alii
1157 4119 1336 4172 tribuit.
1365 4120 1547 4172 Minus
1574 4120 1725 4172 bene.
1860 4120 1946 4173 Sic
1970 4121 2143 4174 Caesar
2170 4118 2309 4172 Gall.
2340 4120 2394 4171 11
2413 4157 2429 4183 ,
2463 4138 2481 4171 ι
2499 4117 2549 4171 5.
