3143 5204
777 426 916 499 136
1140 426 1584 494 VALERII
1643 424 2058 491 MAXIMI
2115 425 2305 491 LlB.
2365 424 2492 491 IX.

872 560 937 630 3.
983 560 1150 628 Urbi
1207 573 1428 627 autem
1486 572 1727 628 nostrae
1784 555 2052 625 secundi
2105 555 2258 624 belli
2310 559 2531 650 punici
2589 556 2783 643 finis,
2826 572 2915 628 et·

763 667 1104 762 Philippus
1148 691 1262 734 rex
1302 664 1709 733 Macedoniae
1752 663 2086 749 devictus,
2129 661 2482 733 licentioris
2526 666 2673 734 vitae
2712 664 2892 733 fidu-

764 775 930 842 ciam
981 771 1214 842 dedit¹.
1269 773 1424 860 Quo
1473 786 1773 865 tempore
1816 784 2134 839 matronae
2177 773 2532 838 Brutorum
2592 769 2892 839 ²domum

769 905 942 949 ausae
984 894 1138 948 sunt
1174 878 1504 964 obsidere,
1543 880 1657 972 qui
1692 877 2107 970 abrogationi
2148 874 2308 971 legis
2337 879 2573 971 Oppiae
2606 879 2894 948 interce-

768 986 925 1054 dere
963 986 1175 1080 parati
1217 1000 1434 1072 erant,
1476 1008 1676 1078 quam
1718 983 1975 1052 feminae
2008 981 2147 1052 tolli
2178 983 2569 1077 cupiebaut3
2607 986 2761 1078 quia
2793 985 2898 1054 his

768 1118 891 1162 nec
932 1107 1122 1161 veste
1155 1092 1316 1160 varii
1362 1090 1602 1160 coloris
1649 1093 1781 1176 uti,
1825 1114 1947 1159 nec
1987 1092 2129 1158 auri
2171 1088 2319 1184 plus
2373 1077 2738 1160 semuncia³
2778 1092 2895 1160 ha·

766 1200 960 1286 bere,
1002 1223 1125 1267 nec
1177 1200 1405 1293 juncto
1452 1194 1757 1266 vehiculo
1802 1197 2074 1292 propius
2127 1196 2361 1265 urbem
2408 1196 2585 1265 mille
2630 1221 2899 1291 passu8‚

767 1306 888 1373 nisi
929 1305 1229 1374 sacrificii
1275 1306 1481 1399 gratia
1500 1358 1520 1392 ‚
1563 1304 1716 1372 vehi
1766 1303 2231 1399 permittebat;
2281 1317 2350 1372 et
2402 1303 2667 1397 quidem
2716 1304 2898 1373 obti-

767 1426 1093 1498 nuerunt,
1148 1425 1222 1479 ut
1274 1412 1383 1503 jus
1436 1436 1556 1506 per
1608 1412 1957 1479 continuos
2012 1411 2241 1504 viginti
2298 1435 2507 1480 annos
2563 1425 2898 1480 servatum

771 1516 1166 1586 aboleretur.
1223 1520 1379 1587 Non
1428 1518 1602 1586 enim
1644 1516 2079 1611 providerunt
2132 1516 2331 1585 seculi
2386 1515 2558 1585 illius
2600 1518 2766 1604 viri,
2815 1517 2900 1585 ad

770 1650 970 1718 quem
1017 1622 1269 1695 cultum
1321 1624 1621 1694 tenderet
1664 1622 1907 1693 insoliti
1959 1638 2168 1693 coetus
2219 1624 2519 1717 pertinax
2569 1623 2901 1708 studium3

773 1745 889 1800 aut
942 1757 1076 1825 quo
1125 1755 1193 1800 se
1242 1756 1449 1825 usque
1497 1731 1787 1800 effusura
1828 1745 1999 1800 esset
2048 1728 2267 1824 legum
2314 1725 2548 1798 victrix
2591 1730 2901 1799 audacia:

771 1838 952 1930 quod
1015 1839 1069 1906 si
1123 1839 1324 1906 animi
1387 1835 1724 1906 muliebris
1787 1852 2142 1932 apparatus
2203 1838 2442 1907 intueri
2502 1837 2906 1931 potuissent,

773 1944 1010 2037 quibus
1070 1944 1360 2038 quotidie
1408 1942 1654 2038 aliquid
1708 1945 2019 2013 novitatis
2065 1944 2514 2038 sumptuosius
2570 1942 2902 2035 adjectum

773 2065 910 2136 est,
952 2051 1019 2118 in
1056 2052 1197 2146 ipso
1243 2052 1516 2119 introitu
1558 2052 1774 2118 ruenti
1815 2050 2087 2118 luxuriae
2131 2050 2551 2119 obstitissent.

877 2156 1007 2226 Sed
1054 2157 1214 2250 quid
1250 2182 1376 2250 ego
1412 2156 1495 2224 de
1539 2156 1798 2226 feminis
1836 2156 2107 2225 ulterius
2144 2154 2425 2250 loquor?
2459 2181 2621 2250 quas
2661 2170 2726 2224 et
2779 2160 2905 2224 im-

775 2261 1102 2331 becillitas.
1130 2265 1402 2351 mentis,
1432 2278 1500 2332 et
1528 2264 1907 2357 graviorum
1946 2288 2221 2358 operum
2262 2277 2499 2356 negata
2533 2261 2907 2349 affecmti0‚

777 2395 974 2438 omne
1016 2368 1307 2439 studium
1351 2369 1435 2438 ad
1477 2370 1905 2438 curiosiorem
1948 2372 2048 2438 sui
2088 2368 2338 2437 cultum
2388 2369 2694 2438 hortatur
2736 2394 2908 2438 con-

783 2475 991 2558 ferre3
1044 2500 1247 2569 quum
1286 2491 1665 2570 temporum
1712 2477 2125 2570 superiorum
2167 2488 2233 2543 et
2277 2477 2559 2543 nominis
2596 2489 2663 2543 et
2703 2476 2909 2543 animi

780 2580 1171 2652 excellentes
1239 2584 1453 2667 vii-OS,
1515 2583 1582 2650 in
1639 2581 1768 2666 hoc
1818 2583 2047 2677 priscae
2108 2582 2526 2653 continentiae
2594 2584 2909 2677 ignotum

779 2676 1287 2758 diverticulum⁴
1342 2688 1686 2784 prolapsos
1744 2689 2033 2773 videam;
2088 2688 2281 2783 idque
2334 2690 2555 2784 jurgio
2610 2691 2911 2782 ipsorum

779 2809 1020 2890 pateat.

888 2906 954 2988 4.
1006 2906 1129 2972 Cn.
1182 2905 1512 2973 Domitius
1563 2909 1638 2972 L.
1685 2889 1964 2974 Crasso⁵
2010 2903 2275 2998 collegae
2319 2929 2440 2973 suo
2485 2903 2912 2973 altercatione

782 3023 926 3077 orta
957 3009 1232 3102 objecit,
1265 3010 1444 3103 quod
1481 3010 1822 3080 columnas
1860 3013 2227 3104 Hymettias
2268 3013 2336 3077 in
2375 3014 2633 3104 porticu
2674 3009 2916 3078 domus

872 3246 919 3279 ι.
959 3227 1128 3279 Dedit.
1170 3228 1308 3279 Ann.
1347 3195 1479 3280 Urh.
1524 3227 1655 3284 558.
1686 3228 1801 3280 Liv.
1893 3246 2003 3280 rem
2020 3266 2036 3294 ‚
2058 3239 2111 3280 et
2131 3226 2199 3280 de
2222 3240 2363 3281 recta
2381 3227 2465 3280 via
2483 3224 2912 3282 declinationem.

781 3306 1050 3372 xxx1V3
1086 3307 1328 3361 Zonaras.
1977 3307 2028 3360 5.
2058 3307 2251 3361 Crasso.
2275 3309 2411 3360 Ann.
2438 3308 2571 3360 Urb.
2605 3312 2741 3362 661.
2771 3308 2914 3362 Plin.

871 3404 921 3439 2.
943 3386 1219 3439 Brutorum.
1249 3387 1354 3453 Qui
1383 3400 1510 3440 tunc
1541 3386 1700 3439 tribb.
1732 3388 1804 3456 pl.
1892 3387 2086 3453 XVII,
2121 3406 2143 3440 1
2169 3409 2183 3450 3
2207 3388 2473 3452 XXXVI,
2499 3388 2554 3443 3.
2575 3388 2843 3442 Domitius
2861 3401 2917 3442 et

785 3479 952 3519 erant.
1894 3466 2109 3520 Crassus
2142 3486 2418 3520 censuram
2440 3481 2559 3538 post
2583 3468 2916 3521 consulatum

870 3547 921 3600 3.
957 3547 1077 3597 Plus
1114 3550 1387 3598 semiuncia.
1420 3545 1570 3599 MSS.
1607 3558 1805 3616 septem
1892 3566 2094 3616 gessere
2137 3565 2150 3600 z
2199 3548 2564 3618 increpuitque
2601 3547 2746 3600 hunc
2785 3549 2876 3602 ille
2903 3590 2920 3616 ,

784 3627 906 3699 plus
924 3628 1248 3687 semiunciam,
1268 3623 1324 3678 id
1347 3639 1450 3694 est,
1470 3644 1628 3698 quam
1650 3626 1806 3678 semi·
1892 3626 2036 3697 quod
2050 3646 2236 3680 censor
2255 3628 2386 3680 tanti
2409 3626 2668 3680 habitaret
2681 3667 2696 3696 ,
2711 3647 2919 3700 proque

785 3707 1024 3770 unciam3
1052 3723 1209 3777 quam
1239 3705 1493 3777 loquendi
1521 3705 1800 3758 formulam
1893 3704 2053 3759 domo
2076 3709 2187 3778 ejus
2204 3707 2468 3777 ingentem
2488 3709 2766 3778 pecuniam
2787 3728 2918 3781 pro-

785 3798 863 3838 sat
895 3786 1074 3839 multis
1104 3786 1353 3856 exemplis
1393 3787 1807 3858 comprobarunt
1892 3787 2053 3839 misit.
2088 3789 2315 3839 Domum
2342 3800 2513 3839 autem
2544 3807 2653 3839 non
2685 3803 2919 3855 emerat,

785 3864 851 3918 N.
878 3865 1122 3919 Heinsius
1145 3878 1196 3919 et
1217 3867 1552 3919 Burmannus
1576 3863 1641 3917 ad
1665 3867 1805 3919 Veu.
1893 3865 1984 3919 sed
2002 3865 2291 3920 hereditate
2312 3879 2425 3920 erat
2445 3882 2819 3939 consequutus.
2839 3903 2920 3915 -—

781 3943 853 4001 11,
881 3965 900 3997 1
914 3983 930 4007 ‚
954 3953 1004 4009 4.
1021 3978 1083 3987 --
1102 3946 1324 4016 Propius.
1344 3947 1407 3998 In
1432 3947 1566 4011 loco,
1586 3945 1677 4017 qui
1696 3964 1803 3998 non
1893 3948 2186 4019 Hymettias.
2202 3945 2266 3998 ld
2288 3959 2365 3999 est
2382 3966 2698 4001 marmoreas
2718 3969 2783 4002 ex
2802 3950 2919 4021 ny-

785 4022 1002 4078 distaret
1024 4026 1090 4077 ab
1113 4026 1244 4078 urbe
1270 4027 1405 4079 ultra
1431 4026 1575 4078 mille
1601 4045 1797 4096 passuS.
1890 4039 2053 4080 metto
2069 4067 2086 4094 ‚
2124 4026 2309 4079 Atticae
2341 4040 2538 4081 monte.
2584 4027 2710 4079 vid.
2743 4030 2919 4082 Strab.

864 4110 915 4167 4.
952 4106 1311 4159 Divereiculum.
1351 4106 1466 4158 Hoc
1504 4118 1617 4167 est,
1652 4126 1799 4159 erro·
1891 4107 2060 4172 V111;
2086 4105 2267 4160 Horat.
2293 4105 2382 4160 od.
2416 4109 2501 4172 11,
2535 4110 2635 4171 18,
2662 4110 2717 4161 3.
