3143 5204
480 490 668 556 CAP.
708 487 882 571 vll,
938 486 1061 553 DE
1119 485 1463 552 STUDIO
1517 487 1631 551 ET
1684 486 2202 555 INDUSTRIA.
2316 510 2403 581 9¹

283 621 518 708 bebat,
555 633 922 713 temperato
967 620 1142 686 inter
1177 615 1388 686 studia
1427 643 1562 685 non
1607 617 2103 712 interpellandi,
2137 619 2251 687 sed
2281 621 2414 688 ine·

277 728 401 797 diae
433 725 894 807 succurrendi,
918 724 1178 812 officio,
1199 723 1535 793 dexteram
1568 750 1754 793 suam
1788 728 2170 795 necessariis
2193 725 2418 795 usibus

276 834 570 928 aptabat.
602 836 783 928 Ergo
813 833 1034 900 animo
1063 830 1526 900 tantummodo
1554 832 1696 899 vita
1730 831 2106 917 fruebatur-3
2137 857 2417 927 corpore

259 960 437 1010 ‘vero
483 942 669 1034 quasi
713 938 926 1009 alieno
969 953 1036 1007 et
1072 961 1484 1033 supervacuo
1535 938 1982 1008 circumdatus
2024 953 2187 1007 erat.
2230 938 2415 1007 Idem

273 1071 428 1117 cum
472 1047 849 1141 Chrysippo
878 1044 897 1068 ²
942 1045 1435 1141 disputaturuS,
1484 1043 1825 1114 helleboro
1864 1069 1933 1113 se
1972 1060 2125 1115 ante
2163 1070 2412 1140 purga-

271 1153 425 1241 bat,
456 1153 541 1221 ad
578 1150 1125 1249 exprimendum²
1161 1152 1493 1246 ingenium
1534 1176 1727 1220 suum
1765 1153 2111 1240 attentius,
2148 1165 2215 1221 et
2244 1150 2415 1220 illius

272 1258 710 1328 refellendum
747 1262 1001 1347 acrius3
1042 1283 1205 1353 quas
1249 1259 1548 1353 potiones
1584 1259 1904 1328 industria
1949 1257 2169 1329 solidae
2205 1256 2415 1327 laudis

271 1366 531 1462 cupidis
570 1366 775 1435 efficit
812 1364 1236 1460 appetendas.

377 1471 450 1542 6.
476 1472 677 1561 Quali
706 1498 907 1568 porro
937 1472 1154 1542 studio
1185 1456 1685 1565 Anaxagoram³
1711 1471 2019 1565 flagrasse
2047 1471 2416 1541 credimus?

272 1581 382 1673 qui
428 1604 636 1672 quum
685 1605 722 1648 e
767 1579 1020 1649 diutina
1071 1580 1599 1675 peregrinatione
1633 1565 1658 1608 ⁴
1696 1581 1977 1674 patriam
2028 1582 2371 1674 repetisset
2392 1633 2413 1663 ,

274 1687 851 1783 possessionesque
878 1686 1171 1757 desertas
1201 1686 1470 1755 vidisset
1488 1740 1507 1774 ,
1529 1689 1699 1756 Non
1727 1709 1940 1755 essem
1964 1738 1981 1764 ‚
2014 1686 2263 1780 inquit,
2285 1710 2412 1780 ego

270 1794 531 1880 salvus,
571 1799 710 1862 m'sz‘
739 1798 895 1863 zl5tae
905 1800 1313 1889 perz‘zksent5
1347 1817 1582 1862 vocem
1618 1794 1839 1886 petitae
1872 1794 2207 1887 sapientiae
2241 1817 2413 1861 com-

271 1914 538 1993 potem3
567 1925 760 1988 nam,
791 1902 844 1969 si
874 1899 1271 1997 praediorum
1299 1902 1519 1995 potius
1537 1954 1558 1987 ,
1585 1924 1784 1994 quam
1822 1900 2105 1994 ingenii,
2135 1898 2411 1967 culturae

272 2021 606 2093 vacasset,
644 2007 950 2077 dominus
994 2009 1090 2076 rei
1112 2006 1462 2076 'familiaris
1500 2008 1676 2075 intra
1713 2021 1985 2101 penates
2023 2008 2408 2091 mansisset,

272 2138 403 2181 non
438 2127 661 2182 tantus
699 2115 927 2182 Anaxa
978 2139 1128 2183 oras
1170 2114 1256 2183 ad
1298 2139 1412 2183 eos
1449 2113 1764 2183 rediisset.

377 2242 442 2314 7.
497 2220 916 2291 Archimedis
1005 2246 1269 2315 quoque
1313 2220 1719 2290 fructuosam
1764 2219 2151 2288 industriam
2210 2218 2407 2288 fuisse

269 2423 346 2464 tra
364 2431 559 2467 mensae
576 2416 643 2467 ab
662 2414 827 2467 altero
846 2413 1158 2468 admovetur
1173 2435 1191 2481 3
1209 2415 1294 2467 vel

269 2493 475 2561 potius,
502 2512 670 2564 quum
696 2494 830 2546 alter
849 2494 1106 2562 subinde,
1133 2507 1194 2548 ut
1218 2494 1295 2548 ci·

268 2572 394 2626 bum
424 2573 596 2644 capiat
638 2586 693 2627 et
722 2593 938 2628 manum
966 2573 1033 2630 ad
1061 2594 1294 2629 mensam

267 2654 530 2724 porrigat,
572 2653 905 2709 admonetur.
943 2657 1183 2728 Kappius
1213 2674 1296 2709 su-

267 2736 498 2805 spicatur
527 2735 806 2788 Valerium
825 2736 1003 2807 potius
1026 2735 1293 2807 scripsisse

267 2833 401 2869 emm.

351 2914 400 2948 1.
450 2894 736 2967 Chrysippo.
780 2897 918 2949 Gell.
962 2897 1153 2962 XVII,
1201 2895 1287 2948 15.

265 2973 402 3027 Plin.
433 2975 607 3040 XXV,
637 2976 689 3030 5.
725 2975 956 3044 Pedibus
982 2996 1046 3029 eo
1073 2977 1129 3028 in
1157 2977 1293 3028 Vor-

266 3054 347 3106 stii
378 3056 694 3110 sententiam
714 3094 731 3120 ‚
771 3069 823 3109 et
862 3059 916 3109 in
957 3056 1062 3109 hoc
1095 3074 1292 3109 errasse

267 3133 555 3189 Valerium.
577 3137 759 3201 Quum
788 3137 928 3188 enim
960 3137 1292 3209 Chrysippus

267 3211 505 3267 floruerit
539 3235 662 3269 ann.
704 3236 774 3269 m.
814 3216 1117 3286 3703076,
1161 3216 1291 3269 Car-

266 3293 453 3348 neades
487 3307 662 3348 autem
704 3315 826 3349 ann.
853 3317 926 3350 m.
958 3297 1108 3365 3829
1155 3297 1294 3349 inter

267 3374 667 3429 Atheniensium
699 3377 895 3448 legatos
914 3379 1094 3428 Romae
1115 3377 1293 3443 suerit,

265 3453 348 3505 vix
385 3474 509 3507 cnm
550 3456 652 3508 isto
687 3476 809 3510 eum
844 3455 1134 3527 disputasse
1175 3476 1289 3510 cre-

264 3530 385 3586 dere
414 3554 711 3606 possumus.
744 3537 948 3590 Gellius
972 3549 1127 3608 atque
1147 3529 1285 3589 Plini

263 3613 298 3664 l.
329 3633 372 3667 c.
407 3629 705 3670 memorant
723 3656 739 3684 ,
765 3615 1093 3670 Carneadem
1122 3617 1286 3670 helle·

263 3692 391 3746 horo
415 3715 470 3747 se
488 3715 754 3768 purgasse,
772 3716 941 3768 quum
954 3697 1105 3749 libris
1122 3699 1288 3749 Zeno-

262 3773 339 3826 nis
353 3775 682 3846 respondere
695 3778 868 3831 vellet.
884 3777 1136 3848 Inprimis
1148 3776 1287 3842 albo,

262 3853 401 3923 quod
420 3855 488 3907 ad
505 3857 814 3929 Anticyram
832 3860 1096 3930 optimum
1116 3876 1291 3910 nasce-

261 3933 430 3998 batur,
444 3935 720 3990 helleboro
735 3957 856 3991 usos
869 3957 979 3991 esse
991 3937 1289 3991 studiorum

257 4016 449 4081 gratia,
481 4028 574 4081 ut,
616 4037 732 4088 quae
764 4031 1281 4083 commentaremur,

260 4095 424 4147 acrius
466 4098 824 4168 perspicerent
845 4138 858 4162 ,
912 4100 1049 4153 Plin.
1095 4099 1250 4151 XXV
1272 4135 1286 4166 ,

268 4189 288 4224 ι
303 4174 330 4226 3
346 4211 363 4240 ,
389 4188 629 4230 testatur.

1465 2434 1517 2469 ι.
1560 2415 1955 2486 Exprimeadum.
2011 2411 2096 2466 Ad
2143 2414 2407 2484 explican-

1381 2492 1507 2546 dam
1536 2495 1647 2547 vim
1678 2496 1893 2567 ingenii.

1465 2575 1518 2630 3.
1550 2577 1921 2646 Anaxagoram.
1954 2571 2081 2627 vid.
2117 2573 2322 2626 Platon.
2352 2574 2406 2626 in

1380 2655 1577 2728 Hippia
1610 2659 1846 2729 majore;
1878 2656 2069 2708 AElian.
2101 2654 2238 2707 VIII
2257 2692 2273 2719 ,
2318 2672 2405 2707 ιι.

1382 2738 1720 2808 Anaxagoras
1733 2735 1943 2790 cuidam
1958 2734 2405 2806 dicenti,patriam

1380 2816 1481 2868 sibi
1496 2836 1637 2870 curte
1656 2836 1765 2870 non
1788 2836 1929 2870 esse:
1958 2843 1981 2865 ι
2003 2816 2193 2880 immo,
2216 2815 2408 2886 inquit,

1380 2915 1506 2949 cura
1538 2898 1722 2968 patriae
1752 2897 1885 2949 mihi
1912 2897 2134 2949 maxima
2165 2908 2267 2962 est,
2296 2923 2316 2941 ι
2356 2908 2407 2946 et

1380 2974 1609 3047 digitum
1636 2976 1872 3031 extendit
1903 2978 1958 3029 in
1989 2976 2201 3040 caelum,
2232 2989 2407 3027 osten-

1380 3056 1511 3109 dens
1537 3058 1682 3110 illam
1716 3058 1816 3110 sibi
1838 3076 2015 3110 veram
2036 3075 2144 3108 esse
2164 3055 2405 3125 patriam.

1380 3138 1677 3208 Impietatis
1704 3139 1864 3191 semel
1887 3156 1916 3188 a
1942 3138 2227 3190 Cleomene
2257 3153 2407 3187 accu-

1380 3229 1520 3269 satus
1540 3255 1557 3281 ‚
1616 3216 1763 3290 quod
1807 3218 2000 3282 solem,
2051 3235 2207 3287 quem
2252 3214 2411 3267 Athe-

1381 3297 1588 3350 nienses
1641 3297 1917 3364 colebant,
1967 3295 2281 3349 candentem
2335 3295 2409 3346 la-

1381 3377 1581 3429 minam
1612 3375 1811 3430 diceret
1836 3390 1889 3430 et
1924 3377 2133 3448 penitus
2163 3375 2378 3445 ignitam
2397 3411 2415 3438 ,

1383 3455 1630 3510 defensus
1654 3477 1683 3509 a
1710 3457 1909 3510 Pericle
1933 3455 2222 3527 discipule,
2254 3453 2410 3526 quin·

1379 3556 1482 3609 que
1499 3537 1707 3591 talentis
1734 3551 1786 3589 et
1807 3536 1989 3589 exsilio
2006 3535 2257 3588 multatus
2292 3534 2408 3586 fuit.

1377 3620 1457 3671 De
1493 3619 1644 3688 cujus
1671 3630 1842 3671 morte
1872 3615 1982 3670 vid.
2011 3618 2184 3669 Laert.

1393 3709 1396 3712 '
1459 3706 1510 3762 4.
1541 3698 1596 3750 Ε
1625 3697 1814 3749 diutina
1833 3700 2231 3767 peregrinatione.
2262 3694 2409 3745 Non·

1375 3778 1544 3842 nulli,
1562 3790 1675 3847 post
1700 3779 1935 3829 diutinam
1959 3777 2407 3846 peregrinationem.

1379 3856 1485 3911 Sed
1511 3880 1537 3909 e
1562 3872 1616 3911 et
1634 3879 1695 3910 ea:
1718 3876 1818 3928 pro
1831 3869 1945 3928 post
1962 3856 2204 3926 usurpari
2223 3866 2410 3906 notum

1380 3952 1510 4071 eng.
1557 4019 1877 4071 Archimedis.
1911 4020 1974 4069 Α.
2008 4018 2079 4068 U.
2119 4017 2261 4079 5413
2291 4013 2405 4066 Liv.

1375 4099 1550 4162 XXV3
1582 4099 1719 4150 Plut.
1747 4098 2005 4159 Marcell.;
2033 4097 2094 4148 C.
2118 4092 2183 4146 de
2204 4094 2317 4145 Fin.
2338 4095 2407 4155 V,

1374 4192 1426 4231 et
1449 4180 1604 4231 Verr.
1624 4180 1702 4230 vl
1722 4201 1736 4244 3
1754 4178 1942 4243 Silius,
1960 4178 2111 4242 X1V3
2130 4174 2411 4238 Plin.V11;
