3143 5204
479 482 665 549 CAP.
709 484 919 567 xm,
965 485 1088 550 DE
1131 482 1536 551 SENECTU
1541 484 1655 550 ΤΕ
1697 485 2061 551 MEMOR.
2188 505 2320 575 ¹¹7

195 639 390 709 quem
423 614 896 708 Theopompus
932 613 1092 683 dicit
1132 630 1389 757 septem
1424 628 1493 682 et
1529 620 2034 709 quinquaginta
2069 630 2139 683 et
2167 638 2327 682 cen-

199 737 337 789 tum
378 744 606 789 annos
640 725 913 789 visczsse.

301 830 366 895 6.
413 824 792 896 Hellanicus
832 851 991 896 vero
1036 830 1161 911 ait,
1202 827 1541 922 quosdam
1579 852 1671 897 ea:
1706 827 2333 923 gente¹Epcor1mz‚

198 959 341 1028 quae
401 959 557 1028 pars
609 948 709 1003 est
762 932 1014 1005 AEtoliae
1036 988 1055 1020 ‚
1105 934 1434 1003 ducentos
1483 936 1762 1030 explere
1820 959 2094 1019 annos3
2147 934 2335 1025 eique

203 1039 558 1110 subscribit
597 1038 1016 1125 Damastes²,
1054 1040 1186 1109 hoc
1225 1038 1507 1165 amplius
1549 1040 1927 1127 affirmans,
1971 1044 2335 1110 lictor-ium

201 1146 562 1242 quemdam
590 1171 683 1216 ex
707 1147 813 1215 his
845 1154 1301 1217 maximarum
1333 1152 1606 1233 vab-mm,
1638 1164 2060 1242 statzcraeque
2068 1150 2333 1241 proeci-

196 1278 360 1348 puae
371 1308 395 1340 ,
441 1259 975 1323 trecentesimum
1013 1277 1269 1324 annum
1304 1256 1702 1323 cumulasse.

311 1384 380 1454 7.
422 1345 829 1428 Alexander³
866 1385 1026 1430 vero
1071 1362 1138 1429 in
1185 1386 1265 1431 eo
1311 1357 1685 1449 volumine,
1727 1360 1904 1455 quod
1958 1360 2040 1428 de
2085 1357 2336 1451 illyrico

207 1480 422 1534 tractu
452 1469 858 1560 composuit,
881 1466 1204 1553 affirmat,
1229 1468 1610 1537 Dantlzona
1626 1466 1989 1562 quemdam
2020 1464 2127 1534 ad
2148 1470 2343 1558 quin-

206 1577 652 1667 gentesimum
699 1598 911 1667 usque
956 1598 1210 1643 annum
1260 1576 1455 1643 nulla
1505 1597 1597 1644 ex
1636 1590 1846 1669 parte
1891 1586 2343 1641 senescentem

203 1685 662 1772 processzsse3
709 1680 819 1748 sed
867 1678 1077 1750 multo
1119 1678 1451 1750 liberalius
1486 1681 1868 1775 Xenophon
1890 1733 1909 1767 ,
1955 1680 2141 1771 cujus
2178 1676 2346 1769 περί-

211 1792 395 1864 πλους
458 1783 736 1880 legitur:
798 1786 850 1854 is
908 1788 1080 1856 enim
1143 1788 1554 1856 Latmiorum
1577 1774 1601 1816 ⁴
1668 1812 1889 1882 regem
1951 1783 2346 1879 octingentis

214 1893 358 1960 vitae
401 1895 591 1961 annis
629 1892 940 1974 donavit;
981 1917 1059 1964 ac
1105 1919 1187 1963 ne
1231 1908 1422 1988 pater
1459 1894 1598 1986 ejus
1639 1918 1875 1988 parum
1920 1892 2200 1986 benigne
2237 1914 2346 1958 ac-

214 2012 443 2092 ceptus
487 1998 850 2085 videretur,
891 1996 966 2067 ei'
991 2025 1254 2094 quoque
1292 2015 1635 2070 sexcentos
1678 2000 2035 2095 assignavit
2072 2022 2300 2066 annos.

215 2201 401 2253 buunt.
429 2232 511 2242 -
536 2199 755 2253 Cnosius.
785 2202 830 2253 E
859 2202 1037 2254 Cnoso
1065 2202 1236 2255 Cretae
1325 2202 1409 2254 his
1434 2201 1701 2254 Perizonii
1733 2202 1978 2271 Origines
2001 2199 2350 2270 AEgyptiacaS.

219 2282 345 2333 urbe
373 2279 653 2334 oriundus.
1411 2301 1461 2333 a.
1504 2284 1778 2333 Damastes.
1824 2279 2098 2333 Hellanico
2140 2278 2352 2330 Milesio

301 2379 349 2413 1.
377 2361 633 2430 Epioe-um.
655 2360 791 2413 Plin.
809 2363 944 2423 VII,
971 2362 1064 2427 48.
1087 2359 1234 2414 MSS.
1326 2362 1553 2431 aequalis.
1603 2360 1732 2413 vid.
1772 2360 1994 2430 Dionys.
2041 2360 2099 2423 13
2136 2357 2354 2422 Strabo,

222 2441 508 2511 Epiporum,
524 2442 782 2510 Epir-orum
791 2479 805 2502 ,
821 2441 1079 2511 Epiomm,
1097 2439 1241 2494 unde

222 2520 395 2573 colet.
420 2519 570 2572 malit
597 2521 896 2590 Epir-ebrum.
919 2523 986 2573 At
1009 2530 1136 2574 tunc
1164 2520 1242 2573 di·

221 2600 378 2653 xisset
391 2600 730 2670 Epirotarum,
749 2615 801 2654 et
819 2602 987 2672 Epir-ii
995 2621 1105 2655 non
1118 2614 1243 2655 sunt

226 2699 341 2750 pars
374 2681 596 2733 AEtoliae.
640 2680 746 2733 sed
791 2682 912 2752 Epis
957 2695 1082 2735 sunt
1120 2701 1242 2754 pars

227 2761 453 2828 Achaiae,
486 2779 595 2812 non
611 2760 853 2814 AEtoliae?
882 2780 1069 2814 verum
1097 2763 1242 2814 colo-

227 2841 363 2893 niam
379 2842 436 2893 in
449 2841 701 2894 AEtoliam
714 2842 923 2894 mittere
935 2854 1242 2914 potuerunt,

229 2933 287 2972 ut
309 2941 374 2975 ex
404 2940 473 2973 eo
496 2921 710 2974 illorum
738 2941 933 2974 nomen
962 2922 1243 2976 transierit.

232 3002 295 3054 Et
325 3020 452 3055 sane
486 3000 707 3065 Strab0,
735 3003 785 3054 X
802 3040 817 3065 ‚
845 3001 1032 3055 tradit:
1063 3001 1245 3055 decem

233 3081 612 3153 antiquissimas
627 3081 832 3134 AEtoliae
849 3083 1004 3135 urbes
1020 3083 1087 3136 ab
1102 3081 1250 3154 Epiis

233 3179 350 3213 cum
377 3161 568 3214 AEtolis
597 3159 853 3214 conditas.
877 3195 958 3204 —
992 3164 1248 3214 Ducentos.

234 3241 433 3294 Plinius
463 3241 578 3293 haec
601 3241 777 3294 omnia
805 3241 1038 3294 fabulosa
1066 3260 1174 3294 esse
1200 3254 1253 3294 et

236 3340 296 3372 ex
319 3340 501 3373 errore
532 3339 793 3373 annorum
820 3322 1126 3391 provenisse
1150 3341 1252 3393 pu-

238 3413 305 3453 tat
316 3420 474 3473 ,quos
487 3400 576 3452 alii
590 3419 676 3452 sex
693 3401 948 3453 mensium
962 3442 976 3466 ,
989 3402 1074 3453 alii
1092 3403 1254 3454 trium

238 3480 645 3533 constituissent.
681 3481 790 3533 Nec
829 3481 1028 3533 alienus
1058 3501 1220 3534 essem
1239 3520 1255 3545 ‚

242 3559 304 3613 ad
339 3565 452 3632 ejus
491 3561 801 3614 sententiam
834 3559 1095 3614 accedere.
1126 3561 1256 3614 For-

243 3658 328 3692 san
346 3639 538 3694 exinde
559 3659 745 3694 eruere
762 3641 910 3705 licet,
931 3660 1026 3694 cur
1052 3653 1256 3694 tantum

243 3739 500 3774 annorum
539 3740 822 3773 numerum
867 3720 1103 3793 AEgyptii
1143 3722 1257 3774 alii·

246 3818 343 3871 que
368 3820 533 3872 regno
569 3821 665 3854 suo
694 3802 993 3854 tribuerint.
1021 3799 1163 3853 Vide
1192 3799 1259 3853 de

1327 2442 1423 2493 IX.
1447 2443 1510 2493 In
1538 2441 1842 2511 regionibus
1868 2441 2005 2492 circa
2039 2438 2353 2509 Hellespon·

1331 2534 1444 2573 turn
1471 2540 1687 2592 operam
1705 2517 1852 2573 dedit
1870 2518 2103 2572 historiis
2126 2516 2354 2570 conscri-

1331 2599 1533 2655 bendis.

1413 2681 1463 2735 3.
1506 2682 1805 2735 Alexander.
1845 2678 2048 2732 Plinius
2078 2680 2113 2731 l.
2150 2698 2196 2730 c.
2234 2677 2356 2729 Ale-

1332 2759 1535 2815 xandro
1564 2780 1759 2813 nomen
1801 2760 2037 2813 Cornelii
2072 2756 2237 2812 addit.
2278 2781 2353 2790 ·--

1337 2843 1621 2895 Dantlaeona.
1648 2841 1751 2893 Alii
1782 2839 2094 2901 Dandonem,
2116 2837 2193 2891 uti
2213 2835 2353 2908 apud

1336 2912 1595 2988 Plinium,
1635 2921 1729 2974 uhi
1767 2919 2075 2972 Harduinus
2111 2917 2210 2987 legi
2244 2918 2360 2968 vult

1337 3003 1566 3063 Damna,
1594 3001 1681 3054 alii
1703 3000 1866 3054 aliter.
1889 3033 1967 3042 —
1984 3001 2152 3052 Parte.
2174 2997 2360 3067 Neque

1339 3082 1532 3146 animi,
1551 3100 1725 3153 neque
1743 3080 1983 3152 corporis
2007 3079 2211 3132 viribus
2233 3076 2363 3129 defi-

1339 3162 1593 3226 cientem;
1626 3180 1731 3213 non
1779 3160 2066 3232 sapientia,
2103 3177 2213 3210 non
2258 3176 2365 3208 me-

1341 3242 1509 3294 moria
1530 3254 1793 3293 carentem
1808 3282 1823 3307 ‚
1848 3259 1966 3311 quae
1991 3237 2273 3292 senectutis
2290 3236 2366 3289 vi-

1342 3320 1414 3374 tia
1438 3339 1549 3373 esse
1583 3322 1769 3373 solent.

1425 3408 1477 3465 4.
1491 3402 1800 3454 [firmiorum.
1813 3400 2030 3450 Latmus
2040 3396 2207 3451 Cnriae
2218 3397 2364 3461 urbs,

1342 3481 1425 3535 vel
1456 3481 1626 3533 insula
1651 3497 1664 3534 :
1695 3481 1901 3536 Lemnii,
1934 3478 2026 3548 qui
2064 3496 2177 3530 eam
2215 3476 2363 3527 inco-

1341 3562 1476 3614 lunt.
1513 3560 1761 3614 Occurrit
1803 3559 1959 3611 etiam
1992 3557 2136 3611 sinus
2166 3557 2364 3608 Latmi-

1344 3661 1454 3695 cus.
1500 3641 1689 3694 Strabo
1743 3640 1930 3692 urbem
1972 3657 2095 3691 cum
2134 3647 2296 3707 portu
2338 3656 2366 3687 a

1344 3722 1523 3774 vicino
1550 3735 1732 3774 monte
1768 3720 1841 3772 sic
1886 3719 2202 3790 appeliatam
2241 3734 2369 3786 pro-

1347 3799 1501 3854 didit.

755 4009 860 4014 -W
888 4010 934 4014 ff
1255 3993 1360 4026 γῇ-

1862 4249 1955 4331 3.
