3143 5204
649 458 856 525 CAP.
888 457 1110 526 VIII.
1168 459 1302 525 DE
1354 458 2058 526 TEMERITATE.

287 590 490 659 altum
524 589 713 685 dirigi
739 592 922 683 jusso
957 591 1250 683 navigio,
1282 590 1558 659 multum
1592 615 1668 659 ac
1696 592 1809 659 diu
1843 593 2185 661 contrariis
2204 594 2404 686 jacta-

287 712 388 765 tus
427 697 768 781 fluctibu5‚
804 696 1067 765 tandem
1105 700 1471 766 necessitati
1508 699 1719 765 cessit.

394 802 460 872 3.
500 806 673 895 Age,
700 802 805 870 illa
838 827 1035 897 quam
1068 801 1479 872 exsecrabilis
1503 802 1782 872 militum
1807 800 2204 872 temeritas¹!
2250 805 2404 875 fecit

282 910 461 977 enim
500 922 573 976 ut
609 915 687 977 A.
720 907 1052 993 Albinus²‚
1090 909 1460 995 nobilitate,
1507 910 1838 996 moribus,
1879 911 2205 979 honorum
2250 937 2400 980 om-

284 1017 465 1083 nium
486 1018 1051 1084 consummatione
1069 1018 1229 1084 civis
1247 1016 1550 1096 eximiuS‚
1579 1031 1853 1110 propter
1870 1015 2061 1085 falsas
2084 1030 2150 1085 et
2173 1019 2397 1086 inanes

283 1123 721 1215 suspiciones,
766 1125 836 1190 in
873 1125 1101 1191 castris
1147 1123 1229 1190 ab
1274 1124 1562 1190 exercitu
1600 1121 1921 1217 lapidibus
1958 1123 2349 1192 obrueretur
2381 1149 2398 1191 ε

279 1227 589 1322 quodque
643 1230 1081 1297 accessionem
1142 1228 1607 1322 indignationis
1663 1254 1797 1298 non
1852 1231 2081 1324 recipit
2110 1283 2129 1315 ‚
2185 1232 2398 1298 oranti

280 1347 479 1427 atque
512 1332 882 1404 obsecranti
911 1335 1063 1404 duci
1101 1359 1135 1402 a
1175 1333 1486 1404 militibus
1531 1359 1744 1404 causae
1787 1334 2078 1404 dicendae
2114 1351 2401 1430 potestas

278 1455 518 1533 negata
554 1455 671 1509 est.

2260 461 2399 555 173

684 1613 791 1663 DE
828 1611 1356 1665 TEMERITATE
1395 1610 1999 1666 EXTERNORUM.

396 1787 453 1831 1.
489 1763 721 1857 Itaque
757 1764 974 1832 minus
1010 1764 1238 1846 miror,
1277 1762 1454 1857 apud
1484 1778 1739 1832 trucem
1774 1779 1842 1832 et
1877 1790 2121 1833 saevum
2153 1768 2400 1835 Hanni·

275 1868 442 1938 balis
470 1871 762 1937 animum
790 1869 1183 1938 defensionis
1214 1868 1432 1938 locum
1465 1871 1733 1938 innoxio
1765 1871 2191 1963 gubernatori
2211 1859 2232 1897 ³
2265 1899 2399 1943 non

274 1976 477 2044 fnisse
509 2003 523 2044 ε
562 2001 754 2071 quem
793 2000 831 2043 a
868 1975 1094 2044 Petilia
1136 1975 1341 2044 classe
1376 1975 1666 2043 Africam
1712 1991 2017 2071 repetens
2061 1977 2233 2047 freto
2271 2004 2393 2074 ap-

275 2082 543 2177 pulsuS‚
591 2082 747 2150 dum
792 2098 926 2151 tam
973 2106 1179 2176 parvo
1221 2084 1432 2176 spatio
1471 2082 1728 2150 Italiam
1770 2082 2188 2177 Siciliamque
2230 2088 2398 2155 inter

273 2213 347 2257 se
382 2178 668 2257 divisas⁴
703 2214 836 2257 non
875 2189 1115 2276 credit,
1165 2188 1346 2257 velut
1384 2186 1765 2256 insidiosum
1801 2213 2032 2257 cursus
2071 2205 2395 2261 rectorem

274 2296 648 2380 interemit3
707 2310 1064 2389 posteaque
1112 2294 1487 2388 diligentius
1537 2295 1832 2388 inspecta
1873 2296 2189 2379 veritate,
2232 2311 2392 2367 tunc

272 2400 594 2489 absolvit,
636 2426 838 2496 quum
869 2402 1008 2495 ejus
1038 2403 1426 2470 innocentiae
1461 2399 1621 2468 nihil
1663 2399 1835 2469 ultra
1863 2400 2145 2495 sepulcri
2183 2403 2388 2472 hono·

274 2532 415 2575 rem
461 2506 604 2575 dari
647 2510 894 2602 potuit:
935 2509 1134 2601 igitur
1177 2508 1438 2601 angusti
1480 2520 1676 2599 atque
1712 2509 1971 2577 aestuosi
2018 2510 2213 2577 maris
2259 2509 2393 2578 alto

270 2640 306 2681 e
341 2612 598 2682 tumulo
632 2614 1024 2709 speculatrix
1053 2630 1301 2701 statua,
1340 2629 1474 2683 tam
1514 2617 1846 2683 memoriae
1877 2614 2092 2683 Pelori
2112 2602 2156 2702 ⁵,
2193 2642 2390 2710 quam

270 2722 533 2816 punicae
565 2722 979 2807 temeritatiS‚
1019 2721 1189 2789 ultra
1221 2723 1513 2814 citraque
1542 2722 1994 2814 navigantium
2026 2722 2230 2792 oculis
2259 2723 2393 2792 col-

270 2825 561 2895 locatum
601 2827 906 2895 indicium
952 2841 1066 2896 est.

360 3031 407 3064 1.
442 3013 718 3064 Temeritas.
752 3016 889 3065 Ann.
921 3013 988 3064 U.
1017 3017 1147 3075 664.
1172 3013 1288 3066 Liv.

265 3092 493 3155 LXXV;
513 3092 742 3157 Oros.V,
767 3112 785 3145 1
802 3093 1016 3156 83Plut.
1046 3095 1099 3145 in
1126 3093 1287 3146 Sulla.

357 3191 382 3223 a
394 3213 405 3222 .
434 3172 658 3224 Albinus.
676 3172 895 3224 Orosius
914 3174 1163 3226 Albinum
1180 3172 1294 3225 Sul-

265 3252 332 3303 las
355 3253 582 3321 legatum
614 3253 876 3315 nominat,
904 3265 955 3305 et
984 3250 1131 3304 addit
1151 3270 1164 3305 τ
1182 3272 1289 3305 non

265 3331 394 3383 falsa
420 3343 473 3382 et
501 3331 643 3384 inani
672 3333 994 3401 suscipione,
1012 3331 1102 3384 sed
1126 3333 1195 3385 ob
1214 3333 1292 3384 in-

265 3411 600 3463 tolerabilem
635 3411 933 3482 super-biam
973 3431 1000 3463 a
1037 3412 1292 3465 militibus

264 3509 379 3543 esse
400 3491 648 3542 occisum.

353 3571 402 3621 3.
446 3569 783 3623 Gubernatori.
823 3569 1038 3623 Factum
1069 3570 1171 3622 boc
1204 3589 1285 3624 an.

264 3650 338 3700 U.
374 3650 514 3714 550,
548 3669 712 3721 quum
745 3669 806 3702 ex
837 3650 987 3702 ltalia
1016 3663 1291 3704 revocatus

265 3728 531 3781 Hannibal
560 3728 626 3781 ad
653 3749 807 3800 opem
825 3730 1087 3782 laboranti
1105 3731 1287 3802 patria

263 3807 559 3874 ferendam,
576 3810 798 3862 venisset
823 3810 875 3860 in
902 3808 1282 3862 SiciliamNid.

264 3887 411 3940 Serv.
442 3890 495 3940 in
531 3891 649 3941 AEn.
674 3889 771 3955 1113
804 3889 969 3952 Mela,
1004 3889 1082 3955 II,
1112 3908 1163 3960 7.

349 3975 398 4030 4.
435 3970 641 4019 Divisas.
661 3969 1031 4021 Continentem
1050 3988 1168 4021 cum
1186 3971 1287 4022 lta·

262 4047 332 4098 lia
352 4049 480 4099 olim
499 4049 733 4100 Siciliam
757 4048 913 4100 fuisse
929 4087 944 4110 ‚
963 4049 1130 4110 canit,
1153 4068 1285 4122 prae·

266 4139 344 4178 ter
372 4128 660 4197 Virgilium
685 4166 699 4194 ,
726 4127 1044 4181 Claudianus
1072 4148 1086 4181 ε

1621 3032 1632 3041 .
1648 3033 1658 3041 .
1674 3030 1684 3041 .
1701 3031 1711 3042 .
1730 3030 1737 3042 .
1765 3002 1965 3043 Trinacria
1976 3005 2171 3058 quondam

1376 3054 1498 3092 tulin
1520 3071 1610 3108 pars
1633 3071 1708 3095 una
1728 3057 1824 3095 fuit:
1855 3060 1920 3096 aed
1942 3068 2082 3111 pontu·
2104 3070 2142 3098 et
2160 3069 2272 3100 mian

1378 3111 1574 3148 Mutavere
1597 3112 1712 3148 titum
1730 3128 1740 3148 ι
1766 3113 1872 3163 rupit
1897 3113 2064 3150 confini·
2088 3113 2256 3153 Nerea..

1462 3173 1512 3224 5.
1543 3173 1723 3224 Pelori.
1758 3174 1862 3238 Qui
1894 3175 1967 3227 ibi
1997 3178 2231 3247 sepultus
2260 3175 2393 3248 dici-

1378 3264 1491 3314 tur,
1525 3266 1577 3303 et
1618 3253 1673 3303 in
1714 3255 1864 3322 cujus
1904 3254 2160 3307 honorem
2204 3256 2260 3308 in
2302 3277 2391 3310 eo-

1378 3329 1497 3382 dem
1545 3331 1662 3382 loco
1709 3332 1961 3384 turricula
2000 3346 2259 3388 exstructa
2297 3351 2389 3391 est.

1378 3411 1576 3463 Forsan
1612 3411 1917 3463 turriculam
1944 3412 2188 3466 Valerius
2220 3419 2392 3469 nomi·

1377 3504 1467 3542 nat
1486 3503 1715 3550 statuam,
1740 3488 1806 3541 de
1829 3510 1931 3562 qua
1951 3493 2084 3545 nihil
2098 3496 2392 3562 invenitur,

1378 3571 1476 3622 nisi
1509 3569 1650 3642 apud
1683 3570 1997 3624 Strabonem
2033 3573 2070 3625 l.
2109 3573 2222 3626 111:
2253 3577 2275 3626 ὁ
2306 3582 2389 3628 τοῦ

1380 3649 1604 3721 Πελώρου
1633 3651 1888 3721 λεγόμενος
1913 3656 2090 3723 πύργος
2124 3654 2392 3708 ἀντίκειται

1378 3733 1537 3798 ταύτῃ
1552 3738 1616 3798 τῇ
1630 3727 1810 3790 ςηλὶδι.
1824 3732 2076 3784 -Oculis
2093 3733 2387 3788 collocatum.

1377 3809 1464 3862 Sic
1505 3811 1684 3861 Vorst.
1732 3822 1783 3862 et
1825 3809 2050 3864 Torren.
2084 3813 2391 3882 jubentibus

1377 3890 1484 3941 sere
1522 3889 1767 3941 omnibus
1811 3889 1966 3942 MSS.
2006 3903 2058 3944 et
2099 3890 2217 3943 edd.
2264 3906 2392 3952 vett.

1379 3969 1676 4022 collocatum
1721 3980 2058 4022 construatur
2095 3991 2216 4023 cum
2263 3974 2391 4024 indi-

1375 4052 1512 4100 cium.
1540 4049 1756 4119 Pighius
1779 4068 1841 4100 ex
1870 4051 2050 4121 Camp.
2081 4051 2226 4102 oculis
2248 4073 2393 4123 expo·

1374 4132 1528 4180 situm.
1548 4128 1722 4182 Coler.
1737 4127 1981 4182 audacter
1999 4149 2059 4182 ex
2078 4134 2398 4203 conjectura,
