3143 5204
740 401 824 448 ια
1094 376 1547 445 VALERII
1603 374 2002 443 ΜΑΧῙΜΙ
2055 376 2247 442 LIB.
2305 375 2480 443 VII.

729 508 1060 603 gientibus
1079 561 1098 595 ,
1129 508 1573 601 interrogatus
1591 560 1611 593 ,
1654 505 1826 600 quid
1851 510 1955 573 ita
1996 506 2169 574 m'lzz‘l
2206 528 2299 575 ex
2334 505 2528 575 bonas
2563 511 2705 599 suis
2739 532 2850 577 se-

726 640 877 684 cum
880 616 1121 705 ferret
1144 639 1165 682 .·
1194 616 1352 708 Ego
1388 638 1549 683 vero
1565 665 1586 698 ,
1629 614 1839 706 inquit
1856 664 1875 698 ,
1918 611 2102 681 bona
2140 637 2296 681 mea
2329 637 2584 681 mecum
2611 630 2847 709 porto.

726 722 1002 790 Pectore
1035 721 1207 789 enim
1237 718 1347 788 illa
1381 719 1717 814 gestabat,
1756 743 1892 787 non
1928 718 2217 788 humeris
2247 745 2266 805 ;
2306 717 2462 788 nec¹t
2499 719 2708 788 oculis
2746 723 2862 813 vi·-

728 827 961 913 senda,
987 826 1101 896 sed
1132 825 1511 897 aestimanda
1539 827 1761 894 animo
1792 851 1806 893 :
1836 849 1979 919 quae
2012 824 2341 895 domicilio
2377 828 2615 895 mentis
2642 824 2850 894 inclu-

727 957 820 1020 sa,
835 958 957 1003 nec
979 932 1380 1021 mortalium,
1394 958 1517 1002 nec
1537 932 1814 1001 deorum
1838 933 2141 1002 manibus
2169 931 2546 1001 labefactari
2569 947 2850 1026 queunt;

725 1053 793 1108 et
818 1055 893 1108 ut
928 1040 1343 1108 manentibus
1371 1054 1614 1135 praesto
1645 1052 1831 1126 sunt,
1868 1039 1959 1107 ita
1994 1039 2318 1134 fugientes
2349 1064 2483 1108 non
2519 1038 2849 1113 deserunt.

834 1149 900 1230 4.
941 1148 1087 1214 Jam
1122 1144 1446 1232 PlatoniS,
1482 1146 1702 1225 verbis
1734 1145 2079 1233 adstricta,
2112 1144 2227 1214 sed
2259 1171 2452 1215 sensu
2490 1144 2854 1241 praevalens

726 1251 1112 1320 sententia&
1097 1306 1115 1340 ,
1154 1254 1265 1347 qui
1305 1269 1445 1322 tum
1483 1253 1748 1322 demum
1787 1251 2058 1321 beatum
2102 1267 2433 1321 terrarum
2468 1251 2695 1321 orbem
2705 1252 2853 1342 siz-

725 1374 945 1428 turum
974 1358 1379 1452 praedicavit,
1359 1383 1670 1490 ,³quum
1627 1374 1751 1428 aut
1771 1365 2117 1455 sapientes
2141 1383 2468 1453 regnare,
2511 1375 2638 1428 aut
2658 1383 2854 1453 reges

724 1488 969 1560 sapere
1009 1470 1428 1561 coepissent.

836 1581 903 1655 5.
949 1586 1094 1654 Rex
1132 1587 1328 1654 etiam
1374 1583 1482 1654 ille
1527 1584 1783 1655 subtilis
1819 1573 2081 1681 judicii⁴
2085 1639 2105 1669 ,
2139 1610 2338 1681 quem
2375 1584 2598 1654 ferunt
2642 1584 2854 1654 tradi-

725 1704 866 1760 tum
912 1692 1035 1759 sibi
1080 1691 1380 1760 diadema
1417 1693 1802 1786 priusquam
1842 1693 2040 1787 capiti
2081 1694 2486 1788 imponeret,
2519 1706 2854 1761 retentum

724 1796 837 1866 diu
874 1798 1354 1887 considerasse,
1382 1821 1460 1867 ac
1488 1798 1764 1868 dixisse·
1801 1828 1835 1864 c<
1874 1802 1937 1868 Ο
1971 1797 2261 1869 nobilem
2288 1800 2498 1893 magis
2530 1822 2728 1893 quam
2755 1798 2852 1868 fe-

724 1900 916 1973 licem
961 1929 1254 1999 pannum
1272 1891 1337 1972 51
1385 1930 1584 1998 quem
1627 1906 1680 1974 si
1723 1907 1870 1999 quis
1913 1907 2174 2000 penitus
2219 1919 2609 2027 cognoscat,
2652 1928 2854 1998 quam

721 2009 944 2079 multis
981 2009 1566 2096 sollicitudinibus,
1605 2026 1674 2081 et
1712 2011 2063 2106 periculis,
2095 2027 2164 2081 et
2201 2014 2476 2082 miseriis
2520 2014 2601 2081 sit
2636 2010 2853 2080 refer-

724 2131 870 2205 tus,
906 2143 989 2187 ne
1002 2102 1243 2187 ⁶humi
1280 2118 1543 2213 quidem
1581 2118 1912 2211 jacentem
1944 2118 2172 2189 tollere
2206 2117 2498 2188 vellet.»

830 2172 899 2306 6.
919 2236 1132 2326 Quid,
1148 2239 1542 2308 Xenocratis
1570 2264 1956 2334 responsum
1978 2292 1996 2326 ,
2018 2264 2217 2332 quam
2244 2231 2621 2306 laudabile7!
2646 2261 2853 2332 quum

723 2341 1044 2414 maledico
1076 2347 1362 2413 sermoni
1403 2345 1845 2439 quorumdam
1882 2370 2144 2413 summo
2174 2343 2430 2414 silentio
2471 2347 2854 2430 interesset,

724 2475 861 2518 uno
902 2475 983 2518 ex
1022 2451 1126 2520 his
1168 2467 1501 2545 quaerente
1519 2504 1539 2539 ,
1577 2476 1699 2520 cur·
1729 2452 1917 2519 solus
1951 2456 2056 2519 ita
2094 2453 2395 2546 linguam
2431 2475 2629 2519 suam
2671 2451 2853 2518 colti—

724 2553 912 2625 beret
934 2582 955 2625 .·
986 2559 1170 2649 Quia
1198 2557 1458 2627 dclzzlrse
1484 2582 1592 2626 me
1609 2612 1630 2644 ,
1675 2559 1922 2654 inquit,
1950 2558 2328 2653 aliquando
2341 2563 2708 2655 poenituit,
2744 2574 2853 2628 ta-

723 2669 942 2732 enasse
975 2688 1342 2758 nunquam.

810 2868 861 2902 1.
883 2850 1003 2904 Nec.
1026 2852 1107 2903 Ita
1124 2852 1351 2904 Torren.
1367 2870 1430 2905 ex
1450 2849 1578 2905 edit.
1598 2852 1742 2923 Mog.
1832 2854 1988 2925 prim.
2012 2873 2096 2905 nec
2120 2854 2251 2905 humi
2265 2856 2502 2923 jacentem
2526 2851 2689 2903 tollere
2704 2852 2850 2911 velit,

724 2942 779 2982 et
805 2928 989 2984 decem
1015 2931 1167 2984 MSS.
1196 2929 1383 2985 edidit.
1414 2932 1521 2985 Alii
1552 2951 1663 2985 non.
1833 2932 1978 3006 quod
2008 2934 2275 2986 Torrenio
2311 2952 2419 2985 non
2454 2930 2717 3004 displicet.
2749 2931 2854 2985 Nec

811 3029 863 3062 τι.
890 3009 1151 3065 Sententia.
1171 3010 1298 3064 vid.
1328 3012 1459 3065 Plat.
1490 3030 1574 3084 ep.
1601 3013 1744 3076 vn;
1832 3032 2036 3085 expone
2065 3032 2163 3085 per
2186 3017 2328 3065 etiam
2352 3032 2448 3064 non
2461 3049 2478 3074 ,
2513 3025 2570 3064 ut
2597 3029 2724 3063 mox
2747 3023 2853 3064 ext.

728 3091 840 3143 Cic.
862 3089 929 3143 ad
946 3092 1013 3156 Q.
1034 3092 1102 3143 fr.
1118 3111 1202 3164 ep.
1219 3093 1275 3157 1;
1290 3092 1475 3145 Boeth.
1495 3090 1563 3145 de
1583 3094 1742 3145 Cons.
1835 3101 1864 3147 8
1888 3131 1905 3158 ,
1930 3113 2014 3147 nec
2040 3099 2271 3164 cogitata.
2719 3111 2728 3114 “

724 3170 1026 3242 philosoph.
1056 3173 1098 3224 I.
1915 3194 1968 3244 7.
2020 3174 2306 3226 Laudabile.
2340 3170 2469 3224 Vid.
2504 3171 2651 3223 Stoh.
2695 3188 2853 3224 serm.

811 3252 862 3304 3.
899 3251 1176 3322 Carpis-sent.
1212 3252 1347 3316 Qun
1388 3251 1580 3317 verba,
1617 3264 1748 3305 teste
1831 3254 2050 3318 xxxl;
2073 3254 2342 3307 Plutarch.
2370 3250 2437 3305 de
2461 3253 2602 3304 bona
2618 3249 2853 3304 valetud.

727 3329 1062 3402 Capitolino,
1084 3333 1349 3385 Antonius
1378 3331 1578 3386 Philus.
1609 3351 1746 3385 sem·
1831 3334 1924 3406 qui
1958 3333 2218 3386 Simonidi
2253 3335 2356 3387 hoc
2392 3332 2703 3385 attribuunt.
2750 3332 2858 3384 Xe·

725 3430 823 3484 per
846 3411 903 3463 in
927 3430 1019 3464 ore
1046 3412 1247 3465 habuit.
1832 3426 2072 3467 nom-ates
2094 3426 2268 3467 autem
2299 3412 2510 3465 silentio
2533 3411 2698 3464 vitam
2720 3409 2855 3464 adeo

809 3499 861 3556 4.
880 3490 1498 3546 Iudicii.Vid.Prudent.
1517 3493 1574 3544 in
1592 3490 1747 3563 Sym·
1832 3494 2019 3548 habuit
2062 3492 2392 3557 devinctam,
2440 3503 2502 3545 ut
2543 3491 2699 3544 sicuti
2742 3509 2858 3545 cer-

725 3572 897 3625 mach.
932 3573 959 3624 1
974 3610 990 3637 ‚
1026 3573 1091 3639 53
1135 3573 1284 3625 Stoh.
1324 3592 1477 3626 serm.
1521 3573 1746 3626 XLVII.
1834 3586 1911 3628 tas
1939 3574 2164 3645 negotiis
2186 3574 2293 3627 suis
2315 3573 2474 3625 horas
2488 3611 2504 3637 ‚
2523 3572 2597 3626 ita
2620 3562 2673 3624 et
2692 3570 2856 3624 silen-

727 3652 960 3716 Quinam
990 3673 1074 3704 rex
1099 3653 1289 3719 fuerit,
1322 3653 1600 3707 incertum.
1635 3653 1748 3705 An·
1833 3655 1909 3707 tio
1953 3656 2251 3725 assignaret.
2300 3678 2322 3699 ι
2344 3653 2517 3705 Multa
2556 3649 2816 3704 audienda
2835 3691 2852 3717 ,

728 3732 937 3803 tigonus
966 3733 1179 3786 interim
1205 3731 1443 3786 diadema
1471 3733 1614 3807 ῥάκος
1632 3732 1747 3786 dic·
1831 3733 1987 3798 dixit,
2000 3753 2166 3807 pauca
2182 3731 2431 3786 dicenda:
2450 3750 2574 3785 nam
2592 3751 2652 3784 os
2665 3750 2854 3793 unum,

729 3811 942 3878 titubat,
973 3827 1035 3867 ut
1059 3826 1237 3866 narrat
1262 3814 1513 3867 Stoboeus.
1833 3834 1983 3869 aures
2013 3814 2142 3867 duas
2173 3813 2380 3866 homini
2403 3825 2649 3865 naturam
2674 3809 2852 3864 dedis·

814 3893 866 3946 5.
892 3895 1134 3947 Parmam.
1151 3893 1421 3947 Candidum
1434 3896 1646 3962 fasciam
1665 3914 1748 3948 su·
1830 3915 1936 3949 se.·
1971 3893 2308 3948 Maledioenti
2332 3910 2346 3946 ε
2379 3919 2402 3940 ι
2419 3893 2506 3944 Tu
2524 3892 2719 3963 lingue
2747 3904 2854 3944 nm

732 3991 855 4046 pra,
891 3974 1003 4039 VI,
1036 3994 1062 4027 2
1085 4013 1101 4040 ,
1130 3993 1195 4043 7,
1223 3987 1375 4028 vocat
1404 3974 1585 4027 valer.
1832 3995 2011 4029 servus
2052 3994 2139 4038 es,
2182 3975 2285 4038 εἰη
2315 3991 2412 4044 ego
2454 3990 2583 4025 vero
2612 3990 2851 4029 mearum

816 4057 867 4109 6.
899 4055 979 4109 Ne
1002 4057 1049 4107 Ιι.
1080 4054 1322 4130 qm'demj.
1357 4068 1391 4108 t.
1422 4056 1581 4108 vellet.
1600 4054 1744 4109 Med.
1834 4057 2041 4110 aurium
2064 4054 2311 4109 dominus
2339 4072 2473 4108 sum.
2503 4078 2525 4102 ι
