3143 5204
715 534 863 580 220

1519 507 1999 574 ΕΡΙΤΟΜΕ

711 643 825 736 qui
880 665 1049 709 unus
1098 658 1178 707 ex
1233 661 1311 707 ea
1356 639 1556 732 stirpe
1591 639 1959 737 exstiterat,
1995 635 2190 705 ducta
2227 637 2296 705 in
2336 639 2829 707 matrimonium

714 772 919 817 uxore
963 744 1134 815 filia¹
1177 744 1473 814 Numerii
1509 742 1772 813 Otacilii
1809 722 2288 812 Maleventani²
2322 742 2446 812 sub
2481 769 2561 813 eo
2595 760 2832 864 pecte,

714 869 790 923 ut
825 878 1021 947 quem
1065 852 1407 981 primum
1390 848 1598 918 filium
1643 847 2050 939 sustulisset,
2091 851 2150 918 ei
2189 852 2469 919 materni
2510 853 2615 919 avi
2649 877 2828 946 prae-

713 985 954 1028 nomen
999 941 1431 1053 imponeret³‚
1468 956 1974 1051 obtemperavit.

815 1066 1251 1160 Antiquarum
1316 1061 1664 1132 mulierum
1726 1065 1794 1130 in
1848 1087 1973 1132 usu
2032 1062 2359 1156 frequenti
2422 1064 2830 1199 praenomina

713 1172 1009 1259 suerunt,
1045 1168 1322 1257 Rutilla,
1361 1166 1662 1256 Caesella,
1699 1167 2089 1254 Rodocella‚
2127 1155 2496 1255 Murcula⁴,
2538 1173 2745 1238 Burra
2790 1192 2830 1237 a

712 1276 935 1347 colore
975 1225 1170 1346 dicta.
1215 1278 1354 1345 Ista
1392 1277 1797 1405 praenomina
1835 1298 1876 1343 a
1925 1276 2084 1344 viris
2136 1289 2347 1351 tracta
2386 1290 2578 1360 sunt,
2635 1276 2832 1359 Caia,

714 1385 951 1472 Lucia,
991 1381 1255 1470 Publia,
1290 1367 1662 1451 Numeria⁵.
1695 1383 2026 1452 Caeterum
2066 1382 2262 1468 Caia,
2297 1406 2421 1449 usu
2456 1406 2656 1475 super
2690 1406 2832 1498 om-

723 1621 914 1681 Tiberii,
936 1620 996 1672 K
991 1638 1185 1685 oesones,
1201 1620 1381 1690 Spurii.
1397 1619 1533 1672 Nam
1544 1621 1731 1687 cursa·
1812 1637 2117 1693 praenomen
2132 1638 2161 1671 a
2173 1631 2321 1690 parte
2334 1631 2571 1672 materna
2580 1619 2833 1692 accipere.

714 1701 846 1752 milia
875 1700 1078 1770 rejiciat
1104 1699 1323 1770 Pighius
1363 1699 1508 1753 nulla
1552 1717 1731 1752 caussa

714 1792 818 1840 est,
846 1798 1010 1851 quum
1037 1792 1090 1833 et
1111 1780 1294 1833 Festus
1317 1779 1374 1831 in
1397 1780 1500 1832 hoc
1516 1779 1730 1850 negotio

715 1858 856 1912 dicat
885 1860 1085 1927 familia
1111 1859 1289 1912 Fabia.
1317 1860 1584 1913 anzort.
1620 1859 1730 1912 Nu-

716 1943 832 1991 meri
858 1941 962 1991 sola
976 1943 1187 2010 patricia
1198 1940 1398 2006 familia
1425 1959 1510 1992 usa
1528 1952 1600 1990 est
1624 1939 1678 1993 F
1674 1959 1732 1990 a·

712 2020 810 2073 bia.
836 2018 922 2073 Sic
952 2018 1104 2072 MSS.
1133 2010 1319 2073 nostri.

800 2118 847 2152 1.
892 2099 1059 2150 Ducta
1099 2102 1149 2152 in
1193 2101 1541 2151 matrimonium
1579 2117 1736 2151 ‘uxone

701 2177 819 2247 filia
868 2179 1087 2231 Numerii
1130 2178 1337 2232 Otacilii
1392 2178 1733 2232 Maleventani.

711 2258 824 2311 MS.
852 2259 1018 2311 Ducta
1037 2262 1088 2311 in
1104 2261 1402 2311 matrimonio
1419 2258 1571 2330 Nuyn
1590 2277 1736 2310 uxore

701 2337 818 2407 filia
833 2377 846 2400 ,
877 2339 1028 2412 Nuyn
1051 2338 1276 2391 Jotacilii
1292 2339 1637 2391 Maleventani.
1655 2339 1736 2391 Ex

715 2437 822 2487 qno
840 2417 1053 2471 videtur
1065 2419 1225 2471 etiam
1240 2418 1347 2471 filia
1365 2418 1451 2471 iua
1467 2416 1608 2471 dicta
1625 2436 1737 2471 esse

714 2498 961 2551 Numer-ia.
1013 2499 1167 2570 Nuyn
1222 2511 1299 2551 est
1344 2499 1600 2569 scriptum
1634 2517 1735 2569 pro

715 2578 863 2632 Num.
908 2578 1052 2632 Solet
1091 2578 1234 2632 enim
1261 2577 1349 2632 hic
1371 2577 1619 2631 librarius
1647 2596 1739 2630 vo·

715 2658 882 2710 calem
919 2664 941 2710 i
972 2659 1128 2711 initio
1157 2659 1301 2711 vocis
1330 2658 1414 2711 vel
1437 2670 1558 2729 post
1581 2658 1735 2709 aliam

717 2738 949 2789 vocalem
982 2739 1212 2791 scribere
1245 2756 1342 2809 per
1365 2757 1420 2808 y.
1449 2738 1586 2790 Nuin
1609 2756 1736 2789 vero

714 2829 858 2886 patet
876 2835 985 2870 esse
1007 2818 1263 2888 scriptum
1291 2836 1391 2887 pro
1418 2817 1566 2869 Num.
1586 2815 1643 2869 id
1662 2830 1740 2870 est

716 2897 996 2958 Numerius,
1056 2897 1139 2949 vel
1188 2897 1434 2950 Numeria.
1489 2897 1568 2948 Eo
1611 2915 1736 2950 vero

720 2976 881 3047 magis
903 2975 1063 3029 credo
1082 2976 1356 3029 Numeriam
1378 2995 1486 3029 esse
1512 2974 1706 3029 dictam
1720 3014 1735 3042 ,

718 3068 874 3127 atque
912 3055 1046 3109 illud
1083 3056 1350 3127 scripsisse
1377 3056 1522 3109 hunc
1556 3067 1738 3109 aucto·

694 3197 697 3198 ι
718 3154 862 3201 rem,
897 3135 1040 3207 quod
1068 3148 1248 3207 postea
1274 3136 1411 3189 inter
1433 3136 1646 3188 nomina
1668 3136 1740 3188 fe·

717 3217 983 3268 minarum
994 3229 1159 3288 ponat
1169 3216 1444 3269 Numeriam
1460 3254 1476 3281 ,
1492 3217 1585 3274 ubi
1604 3217 1737 3268 male

721 3295 934 3366 Pighius
957 3297 1134 3348 mallet
1153 3296 1399 3360 Maniam,
1426 3296 1547 3367 quia
1563 3296 1737 3349 Varro

720 3388 873 3446 negat
905 3376 1181 3429 Numeriam
1207 3375 1314 3429 dici
1333 3395 1534 3447 :quum
1559 3389 1739 3447 aperte

718 3455 883 3510 codex
920 3457 1109 3529 Copes.
1149 3456 1338 3510 habeat
1375 3457 1599 3511 Manet-ia
1638 3474 1738 3528 pro

717 3538 966 3590 Numer-ia.
994 3537 1255 3589 anzon.

803 3637 855 3669 2.
899 3617 1101 3668 Numeri
1155 3615 1374 3668 Jotalicii
1416 3615 1736 3667 Malemitani.

720 3695 857 3750 Cod.
874 3707 1108 3749 correcte
1124 3733 1140 3760 ‚
1162 3695 1380 3748 Numerii
1399 3694 1604 3748 Otacilii
1623 3693 1739 3746 Ma-

722 3777 968 3829 leventani.
995 3776 1082 3828 Sic
1103 3794 1316 3847 quoque
1339 3774 1578 3827 nominat
1592 3793 1740 3827 eum-

719 3855 842 3908 dem
872 3857 990 3909 Sex.
1019 3856 1321 3927 Pompeius.

802 3937 831 3989 3
840 3977 853 3989 .
884 3938 935 3988 E
938 3949 959 3987 t
967 3928 1026 3988 ‚N
1024 3942 1173 3988 umeri
1183 3954 1456 4006 proenomen
1469 3937 1737 4004 imponet-et.

721 4014 941 4069 Codex:
961 4019 1004 4068 ei
1022 4018 1223 4067 materni
1246 4018 1327 4067 avi
1334 4033 1622 4086 proenomen.
1637 4015 1741 4065 Re-

724 4108 838 4160 cte;
865 4097 998 4149 sicut
1024 4110 1077 4149 et
1098 4096 1213 4148 Sex.
1234 4093 1547 4165 Pompeius:
1578 4093 1740 4145 inusi-

728 4187 893 4228 tatum
938 4176 1079 4229 enim
1132 4189 1242 4229 erat
1294 4173 1434 4246 apud
1474 4175 1740 4228 Romanos

1897 1705 1949 1762 4.
1987 1699 2172 1752 Rutilia
2188 1737 2205 1761 ‚
2261 1697 2509 1757 Coesellia,
2554 1700 2831 1757 &dotium

1815 1779 2069 1833 Mutrulla.
2090 1780 2154 1831 In
2181 1777 2365 1832 codice
2381 1792 2562 1832 nostro
2577 1817 2593 1843 ,
2621 1780 2831 1842 Rutula,

1819 1859 2050 1920 Coesella,
2087 1859 2342 1911 Rodocella
2356 1899 2371 1921 ‚
2410 1858 2617 1930 legitur.
2651 1860 2718 1912 Et
2744 1878 2837 1912 ve-

1816 1950 1989 1991 terum
2034 1939 2422 2011 praenominnm
2463 1940 2688 1991 formam
2725 1940 2837 1992 haec

1817 2018 1982 2089 magis
2001 2031 2393 2090 repraesentant.
2419 2017 2535 2072 Sex.
2554 2019 2839 2090 Pompeius

1820 2098 2098 2152 Caesullam
2117 2094 2294 2151 vocari
2310 2096 2466 2163 dicit,
2484 2117 2514 2151 a
2542 2099 2687 2152 caesis
2710 2117 2837 2151 ocu·

1819 2177 1911 2244 lis3
1942 2190 1993 2231 et
2020 2178 2275 2231 Ravillam
2303 2178 2483 2231 atavis
2499 2177 2672 2249 ,quod
2695 2190 2838 2250 post·

1822 2275 1880 2310 ea
1911 2275 2205 2328 cognomen
2242 2258 2297 2310 in
2320 2257 2492 2310 Cassia
2516 2271 2688 2329 gente.
2733 2259 2839 2310 Pro

1820 2337 2090 2401 Matr-alla,
2140 2331 2391 2390 Sambuci
2437 2335 2606 2390 codex
2650 2338 2838 2402 habet,

1820 2417 2070 2479 Man-ula,
2114 2430 2270 2488 atque
2299 2415 2355 2469 id
2386 2415 2705 2470 diminutive
2731 2417 2840 2469 for-

1822 2498 1968 2557 tassis
1998 2516 2026 2549 a
2058 2499 2300 2563 Murcus,
2338 2498 2654 2568 cognomine
2680 2497 2854 2549 virilia
2886 2508 2894 2515 ’

1821 2575 2088 2646 Sequitur,
2110 2578 2273 2630 Bur-m
2297 2596 2329 2629 a
2353 2577 2512 2629 calore
2529 2577 2660 2629 dicta
2673 2598 2695 2640 ,·
2720 2574 2838 2630 cod.

1822 2677 1853 2708 a
1893 2658 2065 2711 colore.
2108 2658 2220 2711 Nec
2257 2659 2422 2711 male.'
2452 2659 2650 2710 Bur-ros
2699 2658 2840 2709 enim

1822 2737 2048 2790 Romani
2069 2738 2400 2810 appellarunt
2421 2737 2595 2790 fulvos
2613 2757 2673 2790 ac
2694 2737 2840 2790 rubi-

1821 2814 2053 2883 cundos,
2096 2837 2227 2888 quos
2262 2818 2437 2871 Graeci
2470 2819 2693 2887 πυῤῥούς.
2719 2817 2842 2869 Hoc

1822 2894 2038 2968 quidem
2051 2901 2159 2968 jam
2177 2896 2316 2950 dicta
2331 2898 2659 2968 praenomina
2678 2916 2707 2950 a
2725 2915 2840 2968 pro-

1821 2977 2133 3047 prietatibus
2157 2976 2438 3049 desumpta
2460 2977 2727 3031 transiisse
2750 2975 2839 3028 de-

1823 3055 1948 3109 inde
1965 3057 2020 3108 in
2038 3058 2351 3128 cognomina
2366 3058 2658 3128 reperimus
2669 3096 2685 3120 ,
2712 3057 2843 3109 sicut

1823 3137 2112 3201 etRutilla‚
2140 3149 2270 3189 teste
2300 3137 2417 3191 Sex.
2448 3138 2700 3207 Pompeio
2717 3175 2732 3201 ,
2753 3134 2841 3206 qui

1825 3215 1982 3282 dicit,
2011 3216 2157 3270 rutili
2186 3217 2376 3269 coloris
2404 3214 2661 3270 studiosas
2688 3216 2841 3269 etiam

1824 3295 2063 3366 antiquas
2077 3297 2321 3349 mulieres
2336 3297 2492 3348 fuisse
2505 3335 2521 3362 ,
2543 3309 2700 3367 atque
2720 3294 2842 3348 inde

1823 3375 1980 3441 etiam
2010 3377 2226 3429 traxisse
2253 3376 2569 3447 cognomina
2598 3376 2843 3440 Rutulas,

1824 3453 1985 3526 idque
2023 3456 2180 3508 etiam
2224 3456 2498 3508 Afranium
2545 3456 2844 3526 frequenter

1828 3533 2076 3588 indicare.
2110 3536 2272 3589 Pron.

1913 3615 1964 3668 5.
1988 3615 2169 3667 Publia
2189 3615 2387 3667 Mareu.
2415 3616 2478 3667 In
2502 3614 2748 3667 Sambuci
2778 3614 2842 3665 li·

1827 3695 1928 3747 hro
1944 3733 1960 3760 ,
1982 3693 2461 3759 Publia,⁸aneria.
2491 3696 2562 3747 Et
2597 3695 2709 3748 haec
2735 3693 2843 3765 qui·

1829 3772 1950 3827 dem
1960 3775 2284 3845 praenomina
2299 3794 2328 3827 a
2341 3775 2468 3828 viris
2482 3786 2691 3846 sumpta
2706 3785 2841 3828 sunt.

1831 3855 2006 3907 Varro
2028 3868 2202 3908 tamen
2227 3867 2378 3924 putat
2402 3855 2634 3907 Marcam
2659 3867 2713 3906 et
2734 3854 2842 3904 Nu-

1828 3935 2048 3987 meriam
2083 3935 2331 3987 muliebri
2364 3935 2533 3987 forma
2563 3954 2671 3986 non
2705 3932 2841 3986 dici:

1829 4015 2077 4080 Luciam,
2118 4015 2376 4080 Maniam,
2420 4015 2755 4084 Postumum,
2789 4025 2845 4064 ut

1830 4095 2108 4146 mulierum
2129 4095 2452 4164 praenomina
2468 4093 2844 4164 agnoscitlibro

1830 4175 1964 4227 VIII
2009 4173 2075 4228 de
2121 4175 2322 4245 Lingua
2358 4175 2533 4229 latina.
2573 4175 2716 4244 Ergo
2740 4174 2844 4224 sor·
