3143 5204
347 474 558 541 CAP.
617 474 734 558 ΙΙ,
789 474 928 541 DE
981 472 1495 539 PRIVATIS
1547 474 2067 543 JUDICIIS.
2222 475 2317 570 73

210 605 388 674 millia
440 631 789 675 nummum
838 606 922 674 ab
970 603 1254 675 Otacilia
1288 608 1631 676 Laterensi
1658 605 1712 695 ¹,
1763 632 1916 676 cum
1957 632 2092 702 qua
2140 633 2321 681 como

210 715 503 781 mercium
546 711 829 781 libidinis
859 712 1219 798 habuerat,
1256 736 1543 806 expensa
1575 712 1734 782 ferri
1763 714 1884 783 sibi
1922 738 2152 810 passus
2182 731 2320 791 est:

208 845 278 888 eo
302 819 603 906 consilio,
636 834 738 906 ut,
769 821 822 888 si
849 818 1269 905 decessisset,
1301 819 1387 887 ab
1425 819 1780 890 heredibus
1815 845 1962 890 eam
1996 846 2319 893 summam

208 941 483 1020 peteret;
525 951 727 1020 quam
756 924 952 1021 legati
985 951 1193 1020 genus
1230 950 1373 995 esse
1409 925 1624 996 voluit
1646 980 1665 1012 ‚
1701 924 2117 997 libidinosam
2153 926 2320 998 libe-

209 1031 511 1102 ralitatem
548 1034 755 1102 debiti
780 1034 1048 1102 nomine
1080 1031 1457 1102 colorando.
1488 1033 1985 1113 Evasitdeinde
2012 1033 2320 1105 Visellius

209 1164 277 1206 ex
316 1138 421 1207 illa
466 1153 857 1234 tempestate
905 1140 1222 1208 adversus
1267 1153 1423 1208 vota
1458 1138 1801 1209 Otaciliae:
1841 1165 1987 1235 quae
2027 1140 2322 1227 offensa,

208 1245 366 1338 quod
400 1272 591 1341 spem
630 1245 868 1341 praedae
906 1272 1039 1315 suae
1080 1260 1293 1316 morte
1342 1271 1479 1315 non
1518 1261 1953 1333 maturasset,
1995 1273 2077 1317 ex
2111 1250 2324 1319 amica

208 1352 577 1446 obsequenti
619 1352 836 1423 subito
886 1349 1307 1422 destrictam²
1346 1352 1831 1423 foeneratricem
1879 1378 2075 1449 agere
2125 1356 2325 1483 coepit

208 1483 495 1528 nummos
533 1459 868 1554 petendo;
907 1485 1074 1553 quos
1103 1474 1182 1528 ut
1217 1458 1436 1529 fronte
1462 1459 1954 1547 inverecunda,
1985 1462 2075 1528 ita
2103 1446 2324 1530 inani³

207 1564 608 1659 stipulatione
635 1580 1034 1661 captaverat.
1066 1568 1175 1635 De
1198 1589 1335 1658 qua
1366 1590 1436 1634 re
1466 1569 1541 1635 C.
1564 1565 1901 1659 Aquilius,
1935 1567 2039 1641 vir
2071 1591 2326 1704 magnae

206 1673 634 1759 auctoritatis,
667 1687 735 1741 et
770 1674 1039 1742 scientia
1076 1671 1245 1765 juris
1282 1670 1490 1741 civilis
1522 1671 1849 1742 excellens
1875 1727 1895 1760 ‚
1932 1660 2181 1765 judex⁴
2209 1673 2328 1743 ad·-

207 1777 442 1866 dictu5‚
484 1779 799 1849 adhibitis
843 1782 910 1847 in
956 1776 1301 1848 consilium
1344 1779 1754 1874 principibus
1796 1781 2120 1866 civitatis,
2161 1806 2326 1875 pru·-

207 1884 408 1954 dentia
446 1900 517 1954 et
560 1884 876 1980 religione
907 1909 1027 1955 sua
1064 1884 1407 1954 mulierem
1450 1885 1715 1980 repulit.
1759 1886 1962 1975 Quod
1997 1889 2053 1959 si
2095 1887 2325 1957 eadem

209 1990 471 2062 formula
512 2008 583 2063 et
617 1995 835 2061 Varro
872 1992 1210 2077 damnari,
1252 2008 1319 2061 et
1355 1992 1733 2062 adversaria
1767 1992 2022 2065 absolvi
2068 1995 2326 2088 potuis-

210 2113 324 2186 set,
357 2099 497 2192 ejus
536 2122 801 2193 quoque
843 2125 976 2168 non
1013 2098 1244 2167 dubito
1281 2100 1441 2193 quin
1470 2114 1736 2194 turpem
1765 2114 1835 2169 et
1870 2103 2331 2173 inconcessum

208 2229 481 2274 euntem
521 2204 804 2275 libenter
839 2208 1277 2301 castigaturus
1314 2206 1556 2274 fuerit:
1588 2231 1767 2274 nunc
1812 2208 2085 2299 privatae
2125 2208 2328 2276 actio-

212 2312 293 2379 nis
325 2310 783 2382 <alumniam
769 2338 906 2407 ipse
943 2314 1393 2442 compescuit3
1430 2310 1734 2381 adulterii
1765 2314 2020 2383 crimen
2050 2312 2334 2408 publicae

210 2420 531 2511 quaestioni
573 2404 1092 2488 vindicandum⁵
1125 2418 1402 2513 reliquit.

301 2523 365 2595 3.
393 2525 620 2596 Multo
645 2528 1039 2616 animosius,
1066 2541 1135 2596 et
1162 2540 1238 2596 ut
1274 2525 1537 2596 militari
1573 2526 1812 2621 spiritu
1841 2525 2118 2658 dignum
2154 2540 2331 2610 erat,

212 2658 267 2701 se
288 2635 352 2700 in
378 2633 707 2703 consimili
738 2659 977 2728 genere
999 2633 1226 2728 judicii
1258 2636 1333 2703 C.
1362 2635 1621 2703 Marius
1649 2618 1919 2728 gessit&
1904 2687 1923 2719 ,
1950 2657 2107 2708 nam
2127 2657 2339 2726 quum

212 2741 275 2807 C.
311 2743 593 2810 Titinius
644 2741 1112 2810 minturnensis
1157 2742 1473 2809 Fanniam
1524 2765 1837 2826 uxorem,
1867 2765 2073 2834 quam
2115 2741 2332 2834 impu

212 2845 404 2915 dicam
441 2848 526 2918 de
555 2847 878 2916 industria
917 2848 1232 2934 duxerat,
1260 2872 1341 2915 eo
1379 2849 1654 2916 crimine
1691 2847 2101 2941 repudiatam
2124 2900 2144 2934 ‚
2181 2846 2339 2915 dote

282 3042 609 3094 ubam-emi.
634 3041 794 3092 Forte
813 3040 1099 3099 lates-emis,
1125 3039 1214 3091 sel.
1305 3038 1509 3110 primus
1542 3035 1616 3091 de
1655 3036 1783 3091 dolo
1807 3033 1954 3091 mlo
1984 3039 2156 3109 legen
2195 3039 2336 3092 tulit.

218 3137 351 3182 uon
377 3139 501 3173 mn
531 3120 634 3173 fuit
665 3120 722 3174 in
748 3119 1106 3173 mammonin.
1136 3149 1218 3162 —
1392 3123 1441 3179 4.
1476 3118 1653 3170 Iudex.
1684 3118 1847 3170 Iudex
1877 3118 1940 3170 in
1975 3137 2133 3172 cnon
2166 3120 2339 3176 uuicti

216 3199 352 3252 Fem'.
380 3201 698 3271 Computui
720 3213 992 3271 tamquam
1021 3218 1217 3271 expen-
1302 3197 1437 3268 juti·
1480 3217 1509 3251 e
1549 3198 1756 3268 legibus
1772 3235 1788 3264 ,
1824 3198 2024 3251 ambitor
2067 3200 2125 3252 in
2170 3201 2339 3253 enisis

214 3297 392 3345 uate,
413 3281 519 3333 boc
541 3292 651 3346 est,
672 3299 730 3333 se
751 3293 938 3332 mutuo
960 3281 1218 3352 accepisse
1306 3277 1459 3329 bonae
1496 3276 1625 3329 fidei
1651 3297 1714 3330 ex
1748 3296 1899 3349 oeqno
1923 3291 1984 3331 α
2018 3279 2162 3331 bono
2189 3278 2337 3351 judi-

217 3358 271 3409 ab
292 3360 532 3414 Omna,
1306 3357 1476 3409 cabat-
1506 3356 1638 3410 Vid.
1659 3358 1774 3411 cic.
1800 3359 1956 3411 Rosc-
1979 3366 2130 3423 4*-
2145 3360 2338 3412 Addic-

284 3460 333 3493 ².
372 3441 685 3493 Destra‘ceam.
714 3440 983 3502 Severum,
1013 3458 1216 3506 acrem,
1308 3449 1399 3489 tus.
1416 3437 1596 3508 Vulgo
1611 3438 2067 3508 legitur-adduam.
2082 3438 2192 3492 Sed
2207 3441 2341 3492 Von-

218 3519 286 3581 11,
308 3541 340 3589 9
359 3560 377 3586 ,
400 3525 461 3575 6.
1306 3517 1437 3570 stin·
1464 3518 1682 3589 conjicit
1711 3516 1995 3589 legandum
2027 3537 2138 3572 une
2165 3520 2335 3572 addic-

288 3600 333 3652 3.
364 3601 527 3652 Inani.
553 3601 705 3651 Vana
730 3599 1095 3670 promissione.
1117 3599 1224 3650 Ne·
1309 3609 1399 3650 tus.
1424 3598 1502 3650 Ut
1519 3598 1681 3668 paulo
1700 3611 1820 3651 ante
1840 3598 2069 3651 arbitrum
2088 3600 2338 3660 addicere.-

219 3696 305 3748 qne
320 3681 459 3731 enim
480 3691 807 3750 consequuta
826 3691 903 3731 est
918 3717 932 3741 ,
960 3676 1108 3749 quod
1129 3697 1221 3749 op-
1307 3677 1382 3730 sic
1407 3695 1551 3729 nunc
1570 3678 1727 3747 judex
1753 3679 1975 3730 addictus
2001 3677 2215 3732 dicitur.

220 3759 357 3811 tabat.
376 3760 514 3812 Nam
540 3760 764 3829 stipulari
780 3769 855 3811 est
879 3759 1218 3828 interrogare.
1394 3757 1442 3808 5.
1492 3756 1867 3812 Vindicandum.
1912 3760 2048 3811 Ante
2087 3759 2335 3830 Pighium

220 3836 457 3908 Stapulatio
489 3852 691 3902 autem,
731 3850 860 3892 teste
891 3837 1190 3908 Pomponio
1203 3874 1219 3901 ‚
1306 3836 1579 3906 legebatur
1595 3838 1913 3908 judicandum
1927 3877 1942 3900 ,
1963 3837 2056 3891 sed
2082 3839 2338 3891 vindican-

219 3929 285 3969 est
316 3920 598 3971 verborum
639 3918 915 3989 conceptio
934 3955 951 3982 ,
992 3917 1185 3989 quibus
1206 3955 1221 3979 ,
1309 3916 1421 3968 dum
1453 3918 1640 3970 melius
1669 3930 1763 3971 est.
1792 3915 1921 3971 vid.
1965 3918 2083 3971 Liv.
2116 3920 2231 3980 lx,
2281 3924 2335 3972 6.

219 3998 299 4066 qui
334 4000 685 4069 interrogatur
699 4037 717 4062 ,
756 3996 1006 4050 daturum
1055 3997 1222 4050 factu·
1315 3996 1449 4064 Quia
1480 4000 1627 4068 impia
1645 3998 1859 4068 proditio
1887 3997 2032 4049 celeri
2049 4018 2196 4068 poena
2222 4004 2336 4051 vin-

221 4094 427 4149 mmque
442 4117 458 4143 ‚
504 4077 651 4150 quod
691 4078 1071 4149 interrogatum
1110 4090 1188 4129 est
1206 4115 1224 4140 ,
1312 4077 1474 4128 dicata
1497 4090 1585 4130 est.

220 4157 499 4228 respondet.
539 4160 601 4212 C.
633 4159 875 4229 Aquilius
913 4170 1089 4213 autem
1133 4157 1224 4209 ille
1396 4162 1448 4211 6.
1476 4157 1655 4212 Gessit.
1675 4159 1740 4211 A.
1761 4158 1829 4210 U.
1854 4159 1985 4218 653.
2008 4159 2146 4216 Plut.
2167 4159 2222 4212 in
2242 4160 2336 4211 vit.
