<?xml version="1.0" encoding="UTF-8"?>
<!DOCTYPE html PUBLIC "-//W3C//DTD XHTML 1.0 Transitional//EN"
    "http://www.w3.org/TR/xhtml1/DTD/xhtml1-transitional.dtd">
<html xmlns="http://www.w3.org/1999/xhtml" xml:lang="en" lang="en">
 <head>
  <title>
</title>
<meta http-equiv="Content-Type" content="text/html;charset=utf-8" />
  <meta name='ocr-system' content='tesseract 3.04.00' />
  <meta name='ocr-capabilities' content='ocr_page ocr_carea ocr_par ocr_line ocrx_word'/>
</head>
<body>
  <div class='ocr_page' id='page_1' title='image "./valeriusmaximus02lykogoog_0029.png"; bbox 0 0 3143 5204; ppageno 0'>
   <div class='ocr_carea' id='block_1_1' title="bbox 394 402 2358 507">
    <p class='ocr_par' dir='ltr' id='par_1_1' title="bbox 394 402 2358 507">
     <span class='ocr_line' id='line_1_1' title="bbox 394 402 2358 507; baseline 0.001 -32"><span class='ocrx_word' id='word_1_1' title='bbox 394 406 610 507; x_wconf 53' lang='lat' dir='ltr'>CAR.</span> <span class='ocrx_word' id='word_1_2' title='bbox 668 404 787 488; x_wconf 89' lang='lat'>11,</span> <span class='ocrx_word' id='word_1_3' title='bbox 842 403 979 472; x_wconf 91' lang='lat' dir='ltr'>DE</span> <span class='ocrx_word' id='word_1_4' title='bbox 1033 402 1234 471; x_wconf 83' lang='lat' dir='ltr'><strong>SAP.</strong></span> <span class='ocrx_word' id='word_1_5' title='bbox 1281 402 1556 469; x_wconf 90' lang='lat' dir='ltr'><strong>DICT.</strong></span> <span class='ocrx_word' id='word_1_6' title='bbox 1617 402 1821 470; x_wconf 87' lang='lat' dir='ltr'>AUT</span> <span class='ocrx_word' id='word_1_7' title='bbox 1874 403 2152 472; x_wconf 81' lang='lat' dir='ltr'>FACT.</span> <span class='ocrx_word' id='word_1_8' title='bbox 2275 402 2358 478; x_wconf 84' lang='lat'>15</span> 
     </span>
    </p>
   </div>
   <div class='ocr_carea' id='block_1_2' title="bbox 234 532 2374 1589">
    <p class='ocr_par' dir='ltr' id='par_1_2' title="bbox 236 532 2374 947">
     <span class='ocr_line' id='line_1_2' title="bbox 244 532 2362 632; baseline 0 -27"><span class='ocrx_word' id='word_1_9' title='bbox 244 552 376 606; x_wconf 88' lang='lat' dir='ltr'>tum</span> <span class='ocrx_word' id='word_1_10' title='bbox 401 590 422 625; x_wconf 92' lang='lat'>,</span> <span class='ocrx_word' id='word_1_11' title='bbox 462 551 546 604; x_wconf 75' lang='lat' dir='ltr'>ut</span> <span class='ocrx_word' id='word_1_12' title='bbox 589 536 983 630; x_wconf 73' lang='lat' dir='ltr'>voluptates</span> <span class='ocrx_word' id='word_1_13' title='bbox 1024 533 1353 603; x_wconf 81' lang='lat' dir='ltr'>abeuntes</span> <span class='ocrx_word' id='word_1_14' title='bbox 1403 532 1903 603; x_wconf 73' lang='lat' dir='ltr'>consideremus</span> <span class='ocrx_word' id='word_1_15' title='bbox 1915 562 1943 621; x_wconf 89' lang='lat'>‚·</span> <span class='ocrx_word' id='word_1_16' title='bbox 2000 560 2164 630; x_wconf 87' lang='lat' dir='ltr'>quas</span> <span class='ocrx_word' id='word_1_17' title='bbox 2212 539 2362 632; x_wconf 89' lang='lat' dir='ltr'>qui-</span> 
     </span>
     <span class='ocr_line' id='line_1_3' title="bbox 239 640 2365 740; baseline 0 -27"><span class='ocrx_word' id='word_1_18' title='bbox 239 643 385 713; x_wconf 85' lang='lat' dir='ltr'>dem</span> <span class='ocrx_word' id='word_1_19' title='bbox 423 644 519 714; x_wconf 84' lang='lat' dir='ltr'>sic</span> <span class='ocrx_word' id='word_1_20' title='bbox 553 640 965 713; x_wconf 83' lang='lat' dir='ltr'>ostendendo</span> <span class='ocrx_word' id='word_1_21' title='bbox 1005 641 1286 727; x_wconf 82' lang='lat' dir='ltr'>minuit3</span> <span class='ocrx_word' id='word_1_22' title='bbox 1331 640 1533 710; x_wconf 85' lang='lat' dir='ltr'>fessas</span> <span class='ocrx_word' id='word_1_23' title='bbox 1574 642 1749 709; x_wconf 88' lang='lat' dir='ltr'>enim</span> <span class='ocrx_word' id='word_1_24' title='bbox 1768 694 1789 729; x_wconf 93' lang='lat'>,</span> <span class='ocrx_word' id='word_1_25' title='bbox 1831 643 2365 740; x_wconf 67' lang='lat' dir='ltr'>poenitentiaeque</span> 
     </span>
     <span class='ocr_line' id='line_1_4' title="bbox 236 746 2374 847; baseline 0.001 -27"><span class='ocrx_word' id='word_1_26' title='bbox 236 749 460 846; x_wconf 84' lang='lat' dir='ltr'>plenas</span> <span class='ocrx_word' id='word_1_27' title='bbox 481 802 502 836; x_wconf 89' lang='lat'><strong><em>‚</em></strong></span> <span class='ocrx_word' id='word_1_28' title='bbox 544 749 781 818; x_wconf 85' lang='lat' dir='ltr'>animis</span> <span class='ocrx_word' id='word_1_29' title='bbox 821 749 1062 818; x_wconf 86' lang='lat' dir='ltr'>nostris</span> <span class='ocrx_word' id='word_1_30' title='bbox 1106 746 1419 839; x_wconf 85' lang='lat' dir='ltr'>subjecit,</span> <span class='ocrx_word' id='word_1_31' title='bbox 1456 772 1591 840; x_wconf 90' lang='lat' dir='ltr'>quo</span> <span class='ocrx_word' id='word_1_32' title='bbox 1634 748 1852 817; x_wconf 88' lang='lat' dir='ltr'>minus</span> <span class='ocrx_word' id='word_1_33' title='bbox 1887 749 2123 844; x_wconf 90' lang='lat' dir='ltr'>cupide</span> <span class='ocrx_word' id='word_1_34' title='bbox 2168 776 2374 847; x_wconf 64' lang='lat' dir='ltr'>repe-¹</span> 
     </span>
     <span class='ocr_line' id='line_1_5' title="bbox 236 871 1425 947; baseline 0 -21"><span class='ocrx_word' id='word_1_35' title='bbox 236 871 478 926; x_wconf 81' lang='lat' dir='ltr'>tantur.</span> <span class='ocrx_word' id='word_1_36' title='bbox 1415 937 1425 947; x_wconf 43' lang='lat'>‚</span> 
     </span>
    </p>

    <p class='ocr_par' dir='ltr' id='par_1_3' title="bbox 234 958 2362 1589">
     <span class='ocr_line' id='line_1_6' title="bbox 349 958 2362 1057; baseline 0 -25"><span class='ocrx_word' id='word_1_37' title='bbox 349 988 372 1032; x_wconf 89' lang='lat'>1</span> <span class='ocrx_word' id='word_1_38' title='bbox 393 990 463 1032; x_wconf 80' lang='lat'>2.</span> <span class='ocrx_word' id='word_1_39' title='bbox 496 963 644 1032; x_wconf 87' lang='lat' dir='ltr'>Nec</span> <span class='ocrx_word' id='word_1_40' title='bbox 670 984 923 1057; x_wconf 88' lang='lat' dir='ltr'>parum·</span> <span class='ocrx_word' id='word_1_41' title='bbox 939 958 1299 1055; x_wconf 83' lang='lat' dir='ltr'><strong>prudenter</strong></span> <span class='ocrx_word' id='word_1_42' title='bbox 1325 960 1752 1056; x_wconf 76' lang='lat' dir='ltr'>Anaxagoras</span> <span class='ocrx_word' id='word_1_43' title='bbox 1776 962 2208 1056; x_wconf 81' lang='lat' dir='ltr'>interroganti</span> <span class='ocrx_word' id='word_1_44' title='bbox 2232 968 2362 1033; x_wconf 88' lang='lat' dir='ltr'>cui·</span> 
     </span>
     <span class='ocr_line' id='line_1_7' title="bbox 237 1064 2362 1165; baseline 0.001 -27"><span class='ocrx_word' id='word_1_45' title='bbox 237 1068 414 1155; x_wconf 84' lang='lat' dir='ltr'>dam,</span> <span class='ocrx_word' id='word_1_46' title='bbox 444 1074 766 1164; x_wconf 76' lang='lat' dir='ltr'>quisnam</span> <span class='ocrx_word' id='word_1_47' title='bbox 808 1081 984 1135; x_wconf 82' lang='lat' dir='ltr'>esset</span> <span class='ocrx_word' id='word_1_48' title='bbox 1026 1064 1292 1135; x_wconf 82' lang='lat' dir='ltr'>beatus.</span> <span class='ocrx_word' id='word_1_49' title='bbox 1283 1066 1316 1119; x_wconf 63' lang='grc' dir='ltr'><em>Ρ</em></span> <span class='ocrx_word' id='word_1_50' title='bbox 1343 1068 1604 1154; x_wconf 81' lang='lat' dir='ltr'>Nemo,</span> <span class='ocrx_word' id='word_1_51' title='bbox 1641 1069 1882 1162; x_wconf 89' lang='lat' dir='ltr'>inquit,</span> <span class='ocrx_word' id='word_1_52' title='bbox 1917 1091 2010 1138; x_wconf 76' lang='lat' dir='ltr'>ex</span> <span class='ocrx_word' id='word_1_53' title='bbox 2045 1069 2151 1138; x_wconf 73' lang='lat' dir='ltr'>his</span> <span class='ocrx_word' id='word_1_54' title='bbox 2188 1096 2362 1165; x_wconf 81' lang='lat' dir='ltr'>quos</span> 
     </span>
     <span class='ocr_line' id='line_1_8' title="bbox 238 1173 2351 1271; baseline 0 -26"><span class='ocrx_word' id='word_1_55' title='bbox 238 1192 305 1244; x_wconf 87' lang='lat' dir='ltr'>tu</span> <span class='ocrx_word' id='word_1_56' title='bbox 317 1177 587 1266; x_wconf 72' lang='lat' dir='ltr'>filices</span> <span class='ocrx_word' id='word_1_57' title='bbox 627 1179 1033 1257; x_wconf 42' lang='lat' dir='ltr'>existam&amp;</span> <span class='ocrx_word' id='word_1_58' title='bbox 1083 1173 1213 1242; x_wconf 85' lang='lat' dir='ltr'>sed</span> <span class='ocrx_word' id='word_1_59' title='bbox 1241 1197 1389 1242; x_wconf 82' lang='lat' dir='ltr'>eum</span> <span class='ocrx_word' id='word_1_60' title='bbox 1432 1178 1505 1242; x_wconf 77' lang='lat' dir='ltr'>in</span> <span class='ocrx_word' id='word_1_61' title='bbox 1542 1175 1662 1243; x_wconf 71' lang='lat' dir='ltr'>cllo</span> <span class='ocrx_word' id='word_1_62' title='bbox 1707 1198 1992 1244; x_wconf 81' lang='lat' dir='ltr'>numero</span> <span class='ocrx_word' id='word_1_63' title='bbox 2025 1183 2351 1271; x_wconf 81' lang='lat' dir='ltr'>reperies,</span> 
     </span>
     <span class='ocr_line' id='line_1_9' title="bbox 234 1280 2358 1376; baseline 0 -24"><span class='ocrx_word' id='word_1_64' title='bbox 234 1288 351 1376; x_wconf 71' lang='lat' dir='ltr'><em>qua·</em></span> <span class='ocrx_word' id='word_1_65' title='bbox 384 1307 438 1352; x_wconf 85' lang='lat' dir='ltr'><em>a</em></span> <span class='ocrx_word' id='word_1_66' title='bbox 475 1298 545 1352; x_wconf 81' lang='lat' dir='ltr'>te</span> <span class='ocrx_word' id='word_1_67' title='bbox 580 1305 674 1351; x_wconf 75' lang='lat' dir='ltr'>ex</span> <span class='ocrx_word' id='word_1_68' title='bbox 715 1284 1000 1349; x_wconf 60' lang='lat' dir='ltr'>mirer-1225</span> <span class='ocrx_word' id='word_1_69' title='bbox 1032 1295 1351 1349; x_wconf 79' lang='lat' dir='ltr'><em>constare</em></span> <span class='ocrx_word' id='word_1_70' title='bbox 1388 1280 1726 1349; x_wconf 78' lang='lat' dir='ltr'>creditur:</span> <span class='ocrx_word' id='word_1_71' title='bbox 1765 1306 1902 1349; x_wconf 93' lang='lat' dir='ltr'>non</span> <span class='ocrx_word' id='word_1_72' title='bbox 1945 1282 2069 1351; x_wconf 87' lang='lat' dir='ltr'>erit</span> <span class='ocrx_word' id='word_1_73' title='bbox 2105 1281 2212 1352; x_wconf 90' lang='lat' dir='ltr'>ille</span> <span class='ocrx_word' id='word_1_74' title='bbox 2252 1284 2358 1353; x_wconf 92' lang='lat' dir='ltr'>di-</span> 
     </span>
     <span class='ocr_line' id='line_1_10' title="bbox 236 1385 2360 1483; baseline 0.002 -27"><span class='ocrx_word' id='word_1_75' title='bbox 236 1390 399 1458; x_wconf 85' lang='lat' dir='ltr'>vitiis</span> <span class='ocrx_word' id='word_1_76' title='bbox 447 1404 517 1458; x_wconf 89' lang='lat' dir='ltr'>et</span> <span class='ocrx_word' id='word_1_77' title='bbox 568 1387 931 1457; x_wconf 87' lang='lat' dir='ltr'>honoribus</span> <span class='ocrx_word' id='word_1_78' title='bbox 979 1385 1363 1474; x_wconf 76' lang='lat' dir='ltr'>abundanS,</span> <span class='ocrx_word' id='word_1_79' title='bbox 1410 1387 1524 1456; x_wconf 90' lang='lat' dir='ltr'>sed</span> <span class='ocrx_word' id='word_1_80' title='bbox 1573 1401 1689 1457; x_wconf 85' lang='lat' dir='ltr'>aut</span> <span class='ocrx_word' id='word_1_81' title='bbox 1728 1389 1947 1483; x_wconf 82' lang='lat' dir='ltr'>exigui</span> <span class='ocrx_word' id='word_1_82' title='bbox 1988 1391 2194 1478; x_wconf 87' lang='lat' dir='ltr'>ruris,</span> <span class='ocrx_word' id='word_1_83' title='bbox 2245 1406 2360 1460; x_wconf 85' lang='lat' dir='ltr'>aut</span> 
     </span>
     <span class='ocr_line' id='line_1_11' title="bbox 234 1491 2360 1589; baseline 0.001 -26"><span class='ocrx_word' id='word_1_84' title='bbox 234 1519 363 1564; x_wconf 91' lang='lat' dir='ltr'>non</span> <span class='ocrx_word' id='word_1_85' title='bbox 398 1495 766 1564; x_wconf 74' lang='lat' dir='ltr'>ambitiosae</span> <span class='ocrx_word' id='word_1_86' title='bbox 804 1494 1122 1564; x_wconf 84' lang='lat' dir='ltr'>doctrinae</span> <span class='ocrx_word' id='word_1_87' title='bbox 1156 1491 1366 1562; x_wconf 85' lang='lat' dir='ltr'>fidelis</span> <span class='ocrx_word' id='word_1_88' title='bbox 1403 1517 1481 1563; x_wconf 85' lang='lat' dir='ltr'>ac</span> <span class='ocrx_word' id='word_1_89' title='bbox 1516 1496 1820 1589; x_wconf 84' lang='lat' dir='ltr'>pertinax</span> <span class='ocrx_word' id='word_1_90' title='bbox 1852 1494 2107 1582; x_wconf 86' lang='lat' dir='ltr'>cultor;</span> <span class='ocrx_word' id='word_1_91' title='bbox 2143 1497 2210 1566; x_wconf 89' lang='lat' dir='ltr'>in</span> <span class='ocrx_word' id='word_1_92' title='bbox 2256 1523 2360 1566; x_wconf 88' lang='lat' dir='ltr'>re-</span> 
     </span>
    </p>
   </div>
   <div class='ocr_carea' id='block_1_3' title="bbox 228 1600 2360 2477">
    <p class='ocr_par' dir='ltr' id='par_1_4' title="bbox 232 1600 1445 1696">
     <span class='ocr_line' id='line_1_12' title="bbox 232 1600 1445 1696; baseline 0 -27"><span class='ocrx_word' id='word_1_93' title='bbox 232 1601 484 1686; x_wconf 73' lang='lat' dir='ltr'>cessu&#39;,</span> <span class='ocrx_word' id='word_1_94' title='bbox 530 1626 730 1696; x_wconf 85' lang='lat' dir='ltr'>quarn</span> <span class='ocrx_word' id='word_1_95' title='bbox 771 1601 842 1669; x_wconf 90' lang='lat' dir='ltr'>in</span> <span class='ocrx_word' id='word_1_96' title='bbox 879 1600 1135 1688; x_wconf 87' lang='lat' dir='ltr'>fronte,</span> <span class='ocrx_word' id='word_1_97' title='bbox 1176 1601 1445 1670; x_wconf 86' lang='lat' dir='ltr'>beatior.</span> 
     </span>
    </p>

    <p class='ocr_par' dir='ltr' id='par_1_5' title="bbox 230 1704 2360 2015">
     <span class='ocr_line' id='line_1_13' title="bbox 342 1704 2360 1801; baseline 0.001 -23"><span class='ocrx_word' id='word_1_98' title='bbox 342 1732 368 1779; x_wconf 90' lang='lat'>1</span> <span class='ocrx_word' id='word_1_99' title='bbox 387 1706 456 1778; x_wconf 83' lang='grc'>3.</span> <span class='ocrx_word' id='word_1_100' title='bbox 495 1704 849 1777; x_wconf 83' lang='lat' dir='ltr'>Demadis²</span> <span class='ocrx_word' id='word_1_101' title='bbox 880 1732 1142 1801; x_wconf 87' lang='lat' dir='ltr'>quoque</span> <span class='ocrx_word' id='word_1_102' title='bbox 1172 1707 1424 1776; x_wconf 83' lang='lat' dir='ltr'>dictum</span> <span class='ocrx_word' id='word_1_103' title='bbox 1454 1708 1747 1801; x_wconf 85' lang='lat' dir='ltr'>sapiens:</span> <span class='ocrx_word' id='word_1_104' title='bbox 1779 1706 2153 1783; x_wconf 88' lang='lat' dir='ltr'>nolentibus</span> <span class='ocrx_word' id='word_1_105' title='bbox 2183 1712 2360 1780; x_wconf 88' lang='lat' dir='ltr'>enim</span> 
     </span>
     <span class='ocr_line' id='line_1_14' title="bbox 233 1812 2357 1903; baseline 0.002 -20"><span class='ocrx_word' id='word_1_106' title='bbox 233 1814 741 1884; x_wconf 79' lang='lat' dir='ltr'>Atheniensibus</span> <span class='ocrx_word' id='word_1_107' title='bbox 780 1812 1037 1882; x_wconf 77' lang='lat' dir='ltr'>divinos</span> <span class='ocrx_word' id='word_1_108' title='bbox 1072 1814 1358 1883; x_wconf 83' lang='lat' dir='ltr'>honores</span> <span class='ocrx_word' id='word_1_109' title='bbox 1393 1813 1770 1883; x_wconf 85' lang='lat' dir='ltr'>Alexandro</span> <span class='ocrx_word' id='word_1_110' title='bbox 1803 1814 2159 1885; x_wconf 76' lang='lat' dir='ltr'>decernere</span> <span class='ocrx_word' id='word_1_111' title='bbox 2179 1870 2199 1903; x_wconf 90' lang='lat'>,</span> <span class='ocrx_word' id='word_1_112' title='bbox 2239 1822 2312 1886; x_wconf 90' lang='lat' dir='ltr'><em>V</em></span> <span class='ocrx_word' id='word_1_113' title='bbox 2305 1824 2357 1887; x_wconf 84' lang='lat' dir='ltr'>i-</span> 
     </span>
     <span class='ocr_line' id='line_1_15' title="bbox 230 1907 2356 2015; baseline 0.002 -25"><span class='ocrx_word' id='word_1_114' title='bbox 230 1920 400 2008; x_wconf 82' lang='lat' dir='ltr'>dete,</span> <span class='ocrx_word' id='word_1_115' title='bbox 438 1921 677 2015; x_wconf 89' lang='lat' dir='ltr'>inquit,</span> <span class='ocrx_word' id='word_1_116' title='bbox 704 1944 793 1990; x_wconf 80' lang='lat' dir='ltr'>ne</span> <span class='ocrx_word' id='word_1_117' title='bbox 816 1920 974 1990; x_wconf 86' lang='lat' dir='ltr'>dum</span> <span class='ocrx_word' id='word_1_118' title='bbox 999 1922 1239 1993; x_wconf 79' lang='lat' dir='ltr'><em>caelum</em></span> <span class='ocrx_word' id='word_1_119' title='bbox 1267 1920 1644 2008; x_wconf 73' lang='lat' dir='ltr'>custodztis,</span> <span class='ocrx_word' id='word_1_120' title='bbox 1677 1907 2356 1994; x_wconf 53' lang='lat' dir='ltr'>terram³amzttat122</span> 
     </span>
    </p>

    <p class='ocr_par' dir='ltr' id='par_1_6' title="bbox 228 2027 2357 2441">
     <span class='ocr_line' id='line_1_16' title="bbox 342 2027 2354 2164; baseline 0.002 -67"><span class='ocrx_word' id='word_1_121' title='bbox 342 2053 368 2097; x_wconf 91' lang='lat'>1</span> <span class='ocrx_word' id='word_1_122' title='bbox 385 2031 455 2114; x_wconf 92' lang='grc'>4.</span> <span class='ocrx_word' id='word_1_123' title='bbox 488 2029 713 2116; x_wconf 83' lang='lat' dir='ltr'>Quam</span> <span class='ocrx_word' id='word_1_124' title='bbox 750 2052 953 2164; x_wconf 89' lang='lat' dir='ltr'>porro</span> <span class='ocrx_word' id='word_1_125' title='bbox 981 2027 1305 2099; x_wconf 88' lang='lat' dir='ltr'>subtiliter</span> <span class='ocrx_word' id='word_1_126' title='bbox 1331 2027 1726 2097; x_wconf 84' lang='lat' dir='ltr'>Anacharsis</span> <span class='ocrx_word' id='word_1_127' title='bbox 1759 2027 1935 2123; x_wconf 78' lang='lat' dir='ltr'>leges</span> <span class='ocrx_word' id='word_1_128' title='bbox 1964 2054 2354 2101; x_wconf 84' lang='lat' dir='ltr'>aranearum</span> 
     </span>
     <span class='ocr_line' id='line_1_17' title="bbox 230 2119 2354 2228; baseline 0.003 -26"><span class='ocrx_word' id='word_1_129' title='bbox 230 2132 367 2204; x_wconf 80' lang='lat' dir='ltr'>telis</span> <span class='ocrx_word' id='word_1_130' title='bbox 406 2119 913 2228; x_wconf 74' lang='lat' dir='ltr'>comparabat⁴l</span> <span class='ocrx_word' id='word_1_131' title='bbox 956 2158 1111 2202; x_wconf 89' lang='lat' dir='ltr'>nam</span> <span class='ocrx_word' id='word_1_132' title='bbox 1153 2148 1231 2202; x_wconf 89' lang='lat' dir='ltr'>ut</span> <span class='ocrx_word' id='word_1_133' title='bbox 1271 2133 1413 2203; x_wconf 88' lang='lat' dir='ltr'>illas</span> <span class='ocrx_word' id='word_1_134' title='bbox 1457 2133 1821 2204; x_wconf 87' lang='lat' dir='ltr'>infirmiora</span> <span class='ocrx_word' id='word_1_135' title='bbox 1856 2135 2163 2206; x_wconf 82' lang='lat' dir='ltr'>animalia</span> <span class='ocrx_word' id='word_1_136' title='bbox 2199 2141 2354 2209; x_wconf 88' lang='lat' dir='ltr'>reti·</span> 
     </span>
     <span class='ocr_line' id='line_1_18' title="bbox 228 2239 2357 2337; baseline 0.002 -28"><span class='ocrx_word' id='word_1_137' title='bbox 228 2265 413 2324; x_wconf 85' lang='lat' dir='ltr'>nere,</span> <span class='ocrx_word' id='word_1_138' title='bbox 445 2240 811 2310; x_wconf 79' lang='lat' dir='ltr'>valentiora</span> <span class='ocrx_word' id='word_1_139' title='bbox 845 2242 1336 2327; x_wconf 81' lang='lat' dir='ltr'>transmittere3</span> <span class='ocrx_word' id='word_1_140' title='bbox 1365 2240 1457 2308; x_wconf 86' lang='lat' dir='ltr'>ita</span> <span class='ocrx_word' id='word_1_141' title='bbox 1482 2240 1588 2308; x_wconf 84' lang='lat' dir='ltr'>his</span> <span class='ocrx_word' id='word_1_142' title='bbox 1617 2239 1899 2310; x_wconf 83' lang='lat' dir='ltr'>humiles</span> <span class='ocrx_word' id='word_1_143' title='bbox 1933 2256 2000 2310; x_wconf 90' lang='lat' dir='ltr'>et</span> <span class='ocrx_word' id='word_1_144' title='bbox 2034 2267 2357 2337; x_wconf 79' lang='lat' dir='ltr'>pauperes</span> 
     </span>
     <span class='ocr_line' id='line_1_19' title="bbox 229 2333 2017 2477; baseline 0.001 -62"><span class='ocrx_word' id='word_1_145' title='bbox 229 2348 628 2440; x_wconf 80' lang='lat' dir='ltr'>constringi,</span> <span class='ocrx_word' id='word_1_146' title='bbox 673 2346 908 2415; x_wconf 87' lang='lat' dir='ltr'>divites</span> <span class='ocrx_word' id='word_1_147' title='bbox 945 2360 1013 2415; x_wconf 88' lang='lat' dir='ltr'>et</span> <span class='ocrx_word' id='word_1_148' title='bbox 1054 2360 1497 2441; x_wconf 84' lang='lat' dir='ltr'>praepotentes</span> <span class='ocrx_word' id='word_1_149' title='bbox 1533 2371 1670 2415; x_wconf 90' lang='lat' dir='ltr'>non</span> <span class='ocrx_word' id='word_1_150' title='bbox 1705 2333 2017 2477; x_wconf 62' lang='grc' dir='ltr'>8111ς3τ15.</span> 
     </span>
    </p>
   </div>
   <div class='ocr_carea' id='block_1_4' title="bbox 341 2439 1977 2548">
    <p class='ocr_par' dir='ltr' id='par_1_7' title="bbox 341 2439 1977 2548">
     <span class='ocr_line' id='line_1_20' title="bbox 341 2439 1977 2548; baseline -0.001 -24"><span class='ocrx_word' id='word_1_151' title='bbox 341 2479 365 2523; x_wconf 85' lang='grc' dir='ltr'><strong><em>ι</em></strong></span> <span class='ocrx_word' id='word_1_152' title='bbox 386 2450 455 2524; x_wconf 85' lang='grc'>5.</span> <span class='ocrx_word' id='word_1_153' title='bbox 510 2451 691 2521; x_wconf 84' lang='lat' dir='ltr'>Nihil</span> <span class='ocrx_word' id='word_1_154' title='bbox 744 2454 942 2522; x_wconf 86' lang='lat' dir='ltr'>etiam</span> <span class='ocrx_word' id='word_1_155' title='bbox 989 2450 1271 2546; x_wconf 73' lang='lat' dir='ltr'>Agesilai</span> <span class='ocrx_word' id='word_1_156' title='bbox 1324 2452 1500 2523; x_wconf 79' lang='lat' dir='ltr'>facto</span> <span class='ocrx_word' id='word_1_157' title='bbox 1544 2454 1901 2548; x_wconf 83' lang='lat' dir='ltr'>sapientius</span> <span class='ocrx_word' id='word_1_158' title='bbox 1931 2439 1977 2522; x_wconf 84' lang='lat'>⁶:</span> 
     </span>
    </p>
   </div>
   <div class='ocr_carea' id='block_1_5' title="bbox 219 2643 1244 4072">
    <p class='ocr_par' dir='ltr' id='par_1_8' title="bbox 226 2643 1244 2940">
     <span class='ocr_line' id='line_1_21' title="bbox 309 2643 1244 2710; baseline -0.003 -11"><span class='ocrx_word' id='word_1_159' title='bbox 309 2666 355 2704; x_wconf 79' lang='grc' dir='ltr'>ι.</span> <span class='ocrx_word' id='word_1_160' title='bbox 385 2648 608 2706; x_wconf 68' lang='lat' dir='ltr'>Recessit,</span> <span class='ocrx_word' id='word_1_161' title='bbox 647 2645 732 2698; x_wconf 88' lang='lat' dir='ltr'>Sic</span> <span class='ocrx_word' id='word_1_162' title='bbox 762 2644 923 2697; x_wconf 86' lang='lat' dir='ltr'>etiam</span> <span class='ocrx_word' id='word_1_163' title='bbox 958 2643 1244 2710; x_wconf 84' lang='lat' dir='ltr'>Quintilia-</span> 
     </span>
     <span class='ocr_line' id='line_1_22' title="bbox 228 2725 1243 2798; baseline -0.003 -19"><span class='ocrx_word' id='word_1_164' title='bbox 228 2745 354 2779; x_wconf 79' lang='lat' dir='ltr'>nus:</span> <span class='ocrx_word' id='word_1_165' title='bbox 383 2753 404 2772; x_wconf 86' lang='lat'><strong>·</strong></span> <span class='ocrx_word' id='word_1_166' title='bbox 433 2726 556 2798; x_wconf 86' lang='lat' dir='ltr'>plus</span> <span class='ocrx_word' id='word_1_167' title='bbox 586 2725 748 2777; x_wconf 84' lang='lat' dir='ltr'>babet</span> <span class='ocrx_word' id='word_1_168' title='bbox 774 2728 823 2775; x_wconf 79' lang='lat' dir='ltr'>in</span> <span class='ocrx_word' id='word_1_169' title='bbox 853 2744 1056 2787; x_wconf 79' lang='lat' dir='ltr'>recessu,</span> <span class='ocrx_word' id='word_1_170' title='bbox 1085 2743 1243 2795; x_wconf 88' lang='lat' dir='ltr'>quam</span> 
     </span>
     <span class='ocr_line' id='line_1_23' title="bbox 226 2803 1240 2876; baseline 0 -18"><span class='ocrx_word' id='word_1_171' title='bbox 226 2805 278 2858; x_wconf 87' lang='lat' dir='ltr'>in</span> <span class='ocrx_word' id='word_1_172' title='bbox 306 2807 484 2859; x_wconf 69' lang='lat' dir='ltr'>frome</span> <span class='ocrx_word' id='word_1_173' title='bbox 513 2804 796 2876; x_wconf 77' lang='lat' dir='ltr'>permittit.</span> <span class='ocrx_word' id='word_1_174' title='bbox 823 2829 846 2851; x_wconf 73' lang='grc' dir='ltr'><strong><em>ι</em></strong></span> <span class='ocrx_word' id='word_1_175' title='bbox 887 2803 993 2858; x_wconf 83' lang='lat' dir='ltr'>Alii</span> <span class='ocrx_word' id='word_1_176' title='bbox 1021 2806 1240 2876; x_wconf 83' lang='lat' dir='ltr'>legunt:</span> 
     </span>
     <span class='ocr_line' id='line_1_24' title="bbox 226 2905 411 2940; baseline -0.011 1"><span class='ocrx_word' id='word_1_177' title='bbox 226 2905 411 2940; x_wconf 64' lang='lat' dir='ltr'>m.</span> 
     </span>
    </p>

    <p class='ocr_par' dir='ltr' id='par_1_9' title="bbox 219 2961 1243 4072">
     <span class='ocr_line' id='line_1_25' title="bbox 304 2961 1243 3024; baseline -0.006 -3"><span class='ocrx_word' id='word_1_178' title='bbox 304 2987 353 3021; x_wconf 66' lang='grc' dir='ltr'>ι.</span> <span class='ocrx_word' id='word_1_179' title='bbox 381 2965 632 3024; x_wconf 72' lang='lat' dir='ltr'>Demadis.</span> <span class='ocrx_word' id='word_1_180' title='bbox 653 2962 780 3017; x_wconf 84' lang='lat' dir='ltr'>Vid.</span> <span class='ocrx_word' id='word_1_181' title='bbox 805 2961 994 3018; x_wconf 83' lang='lat' dir='ltr'>Suidas</span> <span class='ocrx_word' id='word_1_182' title='bbox 1008 2978 1061 3018; x_wconf 87' lang='lat' dir='ltr'>et</span> <span class='ocrx_word' id='word_1_183' title='bbox 1079 2964 1243 3020; x_wconf 79' lang='lat' dir='ltr'>AElia-</span> 
     </span>
     <span class='ocr_line' id='line_1_26' title="bbox 229 3033 1241 3117; baseline -0.003 -19"><span class='ocrx_word' id='word_1_184' title='bbox 229 3065 334 3100; x_wconf 77' lang='lat' dir='ltr'>nus.</span> <span class='ocrx_word' id='word_1_185' title='bbox 360 3044 625 3099; x_wconf 84' lang='lat' dir='ltr'>Demades</span> <span class='ocrx_word' id='word_1_186' title='bbox 645 3033 754 3097; x_wconf 80' lang='lat' dir='ltr'>&#39;fuit</span> <span class='ocrx_word' id='word_1_187' title='bbox 778 3057 957 3096; x_wconf 82' lang='lat' dir='ltr'>orator</span> <span class='ocrx_word' id='word_1_188' title='bbox 987 3057 1241 3117; x_wconf 69' lang='lat' dir='ltr'>praestan-</span> 
     </span>
     <span class='ocr_line' id='line_1_27' title="bbox 227 3124 1242 3196; baseline -0.004 -16"><span class='ocrx_word' id='word_1_189' title='bbox 227 3127 450 3180; x_wconf 70' lang='lat' dir='ltr'>tissimus</span> <span class='ocrx_word' id='word_1_190' title='bbox 487 3139 730 3196; x_wconf 86' lang='lat' dir='ltr'>tempore</span> <span class='ocrx_word' id='word_1_191' title='bbox 755 3124 1153 3188; x_wconf 76' lang='lat' dir='ltr'>Demosthenis,</span> <span class='ocrx_word' id='word_1_192' title='bbox 1190 3136 1242 3176; x_wconf 87' lang='lat' dir='ltr'>et</span> 
     </span>
     <span class='ocr_line' id='line_1_28' title="bbox 228 3205 1241 3277; baseline -0.005 -15"><span class='ocrx_word' id='word_1_193' title='bbox 228 3225 385 3277; x_wconf 73' lang='lat' dir='ltr'>quun</span> <span class='ocrx_word' id='word_1_194' title='bbox 409 3206 633 3262; x_wconf 72' lang='lat' dir='ltr'>Athenis</span> <span class='ocrx_word' id='word_1_195' title='bbox 654 3216 978 3269; x_wconf 75' lang='lat' dir='ltr'>versaretur,</span> <span class='ocrx_word' id='word_1_196' title='bbox 1008 3218 1164 3276; x_wconf 80' lang='lat' dir='ltr'>atque</span> <span class='ocrx_word' id='word_1_197' title='bbox 1183 3205 1241 3257; x_wconf 82' lang='lat' dir='ltr'>in</span> 
     </span>
     <span class='ocr_line' id='line_1_29' title="bbox 227 3285 1243 3359; baseline -0.004 -17"><span class='ocrx_word' id='word_1_198' title='bbox 227 3300 401 3342; x_wconf 68' lang='lat' dir='ltr'>senatu</span> <span class='ocrx_word' id='word_1_199' title='bbox 430 3286 824 3359; x_wconf 78' lang='lat' dir='ltr'>promulgatum</span> <span class='ocrx_word' id='word_1_200' title='bbox 856 3297 1013 3350; x_wconf 84' lang='lat' dir='ltr'>esset,</span> <span class='ocrx_word' id='word_1_201' title='bbox 1037 3297 1096 3338; x_wconf 89' lang='lat' dir='ltr'>ut</span> <span class='ocrx_word' id='word_1_202' title='bbox 1124 3285 1243 3338; x_wconf 80' lang='lat' dir='ltr'>Ale·</span> 
     </span>
     <span class='ocr_line' id='line_1_30' title="bbox 226 3362 1239 3428; baseline -0.002 -10"><span class='ocrx_word' id='word_1_203' title='bbox 226 3365 415 3421; x_wconf 75' lang='lat' dir='ltr'>xander</span> <span class='ocrx_word' id='word_1_204' title='bbox 450 3368 507 3418; x_wconf 90' lang='lat' dir='ltr'>in</span> <span class='ocrx_word' id='word_1_205' title='bbox 550 3384 774 3420; x_wconf 85' lang='lat' dir='ltr'>numero</span> <span class='ocrx_word' id='word_1_206' title='bbox 811 3362 1066 3428; x_wconf 84' lang='lat' dir='ltr'>deorum,</span> <span class='ocrx_word' id='word_1_207' title='bbox 1106 3377 1239 3417; x_wconf 85' lang='lat' dir='ltr'>tam-</span> 
     </span>
     <span class='ocr_line' id='line_1_31' title="bbox 226 3443 1239 3516; baseline -0.003 -16"><span class='ocrx_word' id='word_1_208' title='bbox 226 3464 374 3516; x_wconf 73' lang='lat' dir='ltr'>quam</span> <span class='ocrx_word' id='word_1_209' title='bbox 420 3446 560 3499; x_wconf 84' lang='lat' dir='ltr'>filius</span> <span class='ocrx_word' id='word_1_210' title='bbox 602 3445 877 3497; x_wconf 82' lang='lat' dir='ltr'>Ammonis</span> <span class='ocrx_word' id='word_1_211' title='bbox 925 3443 1239 3509; x_wconf 87' lang='lat' dir='ltr'>haberetur,</span> 
     </span>
     <span class='ocr_line' id='line_1_32' title="bbox 226 3524 1237 3599; baseline -0.003 -21"><span class='ocrx_word' id='word_1_212' title='bbox 226 3524 379 3599; x_wconf 75' lang='lat' dir='ltr'>idque</span> <span class='ocrx_word' id='word_1_213' title='bbox 392 3526 737 3579; x_wconf 69' lang='lat' dir='ltr'>Athenienses</span> <span class='ocrx_word' id='word_1_214' title='bbox 758 3541 894 3595; x_wconf 66' lang='lat' dir='ltr'>agre</span> <span class='ocrx_word' id='word_1_215' title='bbox 913 3524 1136 3589; x_wconf 71' lang='lat' dir='ltr'>fervent,</span> <span class='ocrx_word' id='word_1_216' title='bbox 1150 3543 1237 3577; x_wconf 75' lang='lat' dir='ltr'>su·</span> 
     </span>
     <span class='ocr_line' id='line_1_33' title="bbox 227 3603 1235 3676; baseline -0.003 -17"><span class='ocrx_word' id='word_1_217' title='bbox 227 3623 317 3676; x_wconf 76' lang='lat' dir='ltr'>pn</span> <span class='ocrx_word' id='word_1_218' title='bbox 349 3607 507 3659; x_wconf 69' lang='lat' dir='ltr'>allata</span> <span class='ocrx_word' id='word_1_219' title='bbox 537 3606 699 3659; x_wconf 81' lang='lat' dir='ltr'>verba</span> <span class='ocrx_word' id='word_1_220' title='bbox 727 3603 879 3657; x_wconf 74' lang='lat' dir='ltr'>dixit.</span> <span class='ocrx_word' id='word_1_221' title='bbox 913 3635 994 3647; x_wconf 92' lang='lat'>--</span> <span class='ocrx_word' id='word_1_222' title='bbox 1020 3603 1235 3675; x_wconf 69' lang='lat' dir='ltr'>Sapiens.</span> 
     </span>
     <span class='ocr_line' id='line_1_34' title="bbox 228 3684 1237 3755; baseline -0.002 -18"><span class='ocrx_word' id='word_1_223' title='bbox 228 3686 338 3739; x_wconf 77' lang='lat' dir='ltr'>Duo</span> <span class='ocrx_word' id='word_1_224' title='bbox 366 3684 516 3739; x_wconf 68' lang='lat' dir='ltr'>Med.</span> <span class='ocrx_word' id='word_1_225' title='bbox 540 3705 664 3738; x_wconf 85' lang='lat' dir='ltr'>cum</span> <span class='ocrx_word' id='word_1_226' title='bbox 691 3686 831 3737; x_wconf 87' lang='lat' dir='ltr'>Ultr.</span> <span class='ocrx_word' id='word_1_227' title='bbox 858 3701 959 3736; x_wconf 80' lang='lat' dir='ltr'>sec.</span> <span class='ocrx_word' id='word_1_228' title='bbox 987 3702 1125 3755; x_wconf 81' lang='lat' dir='ltr'>quam</span> <span class='ocrx_word' id='word_1_229' title='bbox 1156 3704 1237 3735; x_wconf 79' lang='lat' dir='ltr'>sa·</span> 
     </span>
     <span class='ocr_line' id='line_1_35' title="bbox 219 3765 1237 3837; baseline -0.002 -19"><span class='ocrx_word' id='word_1_230' title='bbox 219 3769 365 3834; x_wconf 69' lang='lat' dir='ltr'>piem.</span> <span class='ocrx_word' id='word_1_231' title='bbox 386 3767 511 3820; x_wconf 86' lang='lat' dir='ltr'>Non</span> <span class='ocrx_word' id='word_1_232' title='bbox 532 3767 668 3818; x_wconf 71' lang='lat' dir='ltr'>male</span> <span class='ocrx_word' id='word_1_233' title='bbox 685 3765 924 3837; x_wconf 82' lang='lat' dir='ltr'>profecto</span> <span class='ocrx_word' id='word_1_234' title='bbox 940 3804 955 3830; x_wconf 94' lang='lat'>‚</span> <span class='ocrx_word' id='word_1_235' title='bbox 979 3776 1032 3816; x_wconf 87' lang='lat' dir='ltr'>et</span> <span class='ocrx_word' id='word_1_236' title='bbox 1056 3765 1129 3817; x_wconf 81' lang='lat' dir='ltr'>sio</span> <span class='ocrx_word' id='word_1_237' title='bbox 1154 3783 1237 3816; x_wconf 87' lang='lat' dir='ltr'>so·</span> 
     </span>
     <span class='ocr_line' id='line_1_36' title="bbox 224 3839 1237 3918; baseline -0.001 -20"><span class='ocrx_word' id='word_1_238' title='bbox 224 3844 292 3898; x_wconf 73' lang='lat' dir='ltr'>let</span> <span class='ocrx_word' id='word_1_239' title='bbox 310 3848 498 3918; x_wconf 66' lang='lat' dir='ltr'>sapius</span> <span class='ocrx_word' id='word_1_240' title='bbox 515 3847 710 3900; x_wconf 83' lang='lat' dir='ltr'>Noster</span> <span class='ocrx_word' id='word_1_241' title='bbox 723 3864 819 3917; x_wconf 85' lang='lat' dir='ltr'>per</span> <span class='ocrx_word' id='word_1_242' title='bbox 833 3839 1237 3898; x_wconf 75' lang='lat' dir='ltr'>admirationem</span> 
     </span>
     <span class='ocr_line' id='line_1_37' title="bbox 224 3924 1234 3998; baseline -0.003 -18"><span class='ocrx_word' id='word_1_243' title='bbox 224 3924 379 3998; x_wconf 83' lang='lat' dir='ltr'>loqui.</span> <span class='ocrx_word' id='word_1_244' title='bbox 405 3927 503 3990; x_wconf 79' lang='lat' dir='ltr'>IV,</span> <span class='ocrx_word' id='word_1_245' title='bbox 535 3934 591 3990; x_wconf 70' lang='grc'>4,</span> <span class='ocrx_word' id='word_1_246' title='bbox 622 3929 687 3992; x_wconf 75' lang='lat'>83</span> <span class='ocrx_word' id='word_1_247' title='bbox 711 3926 816 3990; x_wconf 89' lang='lat' dir='ltr'>v1,</span> <span class='ocrx_word' id='word_1_248' title='bbox 838 3928 897 3990; x_wconf 84' lang='lat'>8,</span> <span class='ocrx_word' id='word_1_249' title='bbox 929 3926 1149 3990; x_wconf 76' lang='lat' dir='ltr'>63v·11,</span> <span class='ocrx_word' id='word_1_250' title='bbox 1173 3944 1234 3983; x_wconf 67' lang='grc' dir='ltr'>ι,</span> 
     </span>
     <span class='ocr_line' id='line_1_38' title="bbox 226 4005 1239 4072; baseline 0.002 -15"><span class='ocrx_word' id='word_1_251' title='bbox 226 4019 320 4060; x_wconf 77' lang='lat' dir='ltr'>ext.</span> <span class='ocrx_word' id='word_1_252' title='bbox 360 4026 463 4072; x_wconf 75' lang='lat'>¹03</span> <span class='ocrx_word' id='word_1_253' title='bbox 499 4007 611 4063; x_wconf 71' lang='lat' dir='ltr'>nt.</span> <span class='ocrx_word' id='word_1_254' title='bbox 643 4008 711 4070; x_wconf 80' lang='lat'>3,</span> <span class='ocrx_word' id='word_1_255' title='bbox 741 4019 845 4058; x_wconf 80' lang='lat' dir='ltr'>ext.</span> <span class='ocrx_word' id='word_1_256' title='bbox 890 4024 939 4058; x_wconf 83' lang='lat'>2.</span> <span class='ocrx_word' id='word_1_257' title='bbox 981 4005 1094 4059; x_wconf 83' lang='lat' dir='ltr'>Nec</span> <span class='ocrx_word' id='word_1_258' title='bbox 1129 4005 1239 4059; x_wconf 75' lang='lat' dir='ltr'>abit</span> 
     </span>
    </p>
   </div>
   <div class='ocr_carea' id='block_1_6' title="bbox 227 4084 1036 4157">
    <p class='ocr_par' dir='ltr' id='par_1_10' title="bbox 227 4084 1036 4157">
     <span class='ocr_line' id='line_1_39' title="bbox 227 4084 1036 4157; baseline 0.001 -21"><span class='ocrx_word' id='word_1_259' title='bbox 227 4084 362 4154; x_wconf 84' lang='lat' dir='ltr'>quod</span> <span class='ocrx_word' id='word_1_260' title='bbox 395 4087 662 4157; x_wconf 72' lang='lat' dir='ltr'>sequitur,</span> <span class='ocrx_word' id='word_1_261' title='bbox 691 4086 909 4140; x_wconf 80' lang='lat' dir='ltr'>section.</span> <span class='ocrx_word' id='word_1_262' title='bbox 949 4091 1036 4148; x_wconf 74' lang='lat'>¹4.</span> 
     </span>
    </p>
   </div>
   <div class='ocr_carea' id='block_1_7' title="bbox 2035 2456 2356 2549">
    <p class='ocr_par' dir='ltr' id='par_1_11' title="bbox 2035 2456 2356 2549">
     <span class='ocr_line' id='line_1_40' title="bbox 2035 2456 2356 2549; baseline 0.009 -26"><span class='ocrx_word' id='word_1_263' title='bbox 2035 2456 2356 2549; x_wconf 85' lang='lat' dir='ltr'>siquidem</span> 
     </span>
    </p>
   </div>
   <div class='ocr_carea' id='block_1_8' title="bbox 1322 2644 2355 4162">
    <p class='ocr_par' dir='ltr' id='par_1_12' title="bbox 1330 2644 2355 2798">
     <span class='ocr_line' id='line_1_41' title="bbox 1415 2644 2355 2714; baseline 0.006 -18"><span class='ocrx_word' id='word_1_264' title='bbox 1415 2644 1467 2696; x_wconf 87' lang='lat'>3.</span> <span class='ocrx_word' id='word_1_265' title='bbox 1518 2645 1717 2697; x_wconf 77' lang='lat' dir='ltr'>Terram</span> <span class='ocrx_word' id='word_1_266' title='bbox 1761 2649 2008 2700; x_wconf 74' lang='lat' dir='ltr'>amittatis.</span> <span class='ocrx_word' id='word_1_267' title='bbox 2037 2646 2104 2700; x_wconf 86' lang='lat' dir='ltr'>Id</span> <span class='ocrx_word' id='word_1_268' title='bbox 2135 2661 2249 2714; x_wconf 82' lang='lat' dir='ltr'>est,</span> <span class='ocrx_word' id='word_1_269' title='bbox 2287 2669 2355 2706; x_wconf 75' lang='lat' dir='ltr'>ne</span> 
     </span>
     <span class='ocr_line' id='line_1_42' title="bbox 1330 2719 2166 2798; baseline 0.007 -23"><span class='ocrx_word' id='word_1_270' title='bbox 1330 2719 1628 2777; x_wconf 75' lang='lat' dir='ltr'>Alexander</span> <span class='ocrx_word' id='word_1_271' title='bbox 1652 2726 1816 2778; x_wconf 82' lang='lat' dir='ltr'>iratus</span> <span class='ocrx_word' id='word_1_272' title='bbox 1842 2745 1936 2779; x_wconf 80' lang='lat' dir='ltr'>vos</span> <span class='ocrx_word' id='word_1_273' title='bbox 1963 2725 2166 2798; x_wconf 82' lang='lat' dir='ltr'>perdat.</span> 
     </span>
    </p>

    <p class='ocr_par' dir='ltr' id='par_1_13' title="bbox 1324 2805 2352 3434">
     <span class='ocr_line' id='line_1_43' title="bbox 1414 2805 2350 2877; baseline 0.009 -21"><span class='ocrx_word' id='word_1_274' title='bbox 1414 2810 1466 2866; x_wconf 76' lang='grc'>4.</span> <span class='ocrx_word' id='word_1_275' title='bbox 1499 2805 1976 2877; x_wconf 73' lang='lat' dir='ltr'>Compambat.Vid.</span> <span class='ocrx_word' id='word_1_276' title='bbox 1998 2807 2268 2864; x_wconf 78' lang='lat' dir='ltr'>Plutarch.</span> <span class='ocrx_word' id='word_1_277' title='bbox 2295 2810 2350 2864; x_wconf 82' lang='lat' dir='ltr'>in</span> 
     </span>
     <span class='ocr_line' id='line_1_44' title="bbox 1329 2883 2352 2959; baseline 0.013 -24"><span class='ocrx_word' id='word_1_278' title='bbox 1329 2883 1439 2937; x_wconf 88' lang='lat' dir='ltr'>Sol.</span> <span class='ocrx_word' id='word_1_279' title='bbox 1452 2884 1547 2955; x_wconf 84' lang='lat' dir='ltr'>qui</span> <span class='ocrx_word' id='word_1_280' title='bbox 1563 2897 1739 2938; x_wconf 79' lang='lat' dir='ltr'>tamen</span> <span class='ocrx_word' id='word_1_281' title='bbox 1752 2885 1891 2946; x_wconf 70' lang='lat' dir='ltr'>hane</span> <span class='ocrx_word' id='word_1_282' title='bbox 1900 2888 2352 2959; x_wconf 73' lang='lat' dir='ltr'>comparationem</span> 
     </span>
     <span class='ocr_line' id='line_1_45' title="bbox 1329 2963 2353 3043; baseline 0.009 -27"><span class='ocrx_word' id='word_1_283' title='bbox 1329 2963 1554 3018; x_wconf 83' lang='lat' dir='ltr'>Zaleuco</span> <span class='ocrx_word' id='word_1_284' title='bbox 1580 2966 1782 3020; x_wconf 87' lang='lat' dir='ltr'>tribuit.</span> <span class='ocrx_word' id='word_1_285' title='bbox 1801 2968 1879 3019; x_wconf 91' lang='lat' dir='ltr'>De</span> <span class='ocrx_word' id='word_1_286' title='bbox 1899 2968 2212 3034; x_wconf 80' lang='lat' dir='ltr'>Anacharsi,</span> <span class='ocrx_word' id='word_1_287' title='bbox 2228 2970 2353 3043; x_wconf 82' lang='lat' dir='ltr'>Sey-</span> 
     </span>
     <span class='ocr_line' id='line_1_46' title="bbox 1329 3043 2351 3120; baseline 0.009 -25"><span class='ocrx_word' id='word_1_288' title='bbox 1329 3043 1538 3096; x_wconf 82' lang='lat' dir='ltr'>tharum</span> <span class='ocrx_word' id='word_1_289' title='bbox 1576 3046 1735 3099; x_wconf 88' lang='lat' dir='ltr'>unico</span> <span class='ocrx_word' id='word_1_290' title='bbox 1761 3046 2024 3117; x_wconf 85' lang='lat' dir='ltr'>sapiente,</span> <span class='ocrx_word' id='word_1_291' title='bbox 2055 3068 2221 3120; x_wconf 86' lang='lat' dir='ltr'>quum</span> <span class='ocrx_word' id='word_1_292' title='bbox 2258 3069 2351 3104; x_wconf 89' lang='lat' dir='ltr'>co·</span> 
     </span>
     <span class='ocr_line' id='line_1_47' title="bbox 1326 3126 2350 3197; baseline 0.008 -21"><span class='ocrx_word' id='word_1_293' title='bbox 1326 3136 1544 3177; x_wconf 82' lang='lat' dir='ltr'>naretur</span> <span class='ocrx_word' id='word_1_294' title='bbox 1562 3143 1753 3196; x_wconf 72' lang='lat' dir='ltr'>graecas</span> <span class='ocrx_word' id='word_1_295' title='bbox 1775 3126 1911 3197; x_wconf 82' lang='lat' dir='ltr'>leges</span> <span class='ocrx_word' id='word_1_296' title='bbox 1929 3140 1980 3180; x_wconf 89' lang='lat' dir='ltr'>et</span> <span class='ocrx_word' id='word_1_297' title='bbox 1999 3140 2134 3181; x_wconf 80' lang='lat' dir='ltr'>artes</span> <span class='ocrx_word' id='word_1_298' title='bbox 2159 3128 2350 3184; x_wconf 86' lang='lat' dir='ltr'>docere</span> 
     </span>
     <span class='ocr_line' id='line_1_48' title="bbox 1326 3206 2351 3282; baseline 0.009 -25"><span class='ocrx_word' id='word_1_299' title='bbox 1326 3223 1481 3269; x_wconf 76' lang='lat' dir='ltr'>suos,</span> <span class='ocrx_word' id='word_1_300' title='bbox 1507 3224 1535 3257; x_wconf 84' lang='lat' dir='ltr'>a</span> <span class='ocrx_word' id='word_1_301' title='bbox 1564 3207 1728 3259; x_wconf 78' lang='lat' dir='ltr'>fratre</span> <span class='ocrx_word' id='word_1_302' title='bbox 1763 3206 1817 3264; x_wconf 78' lang='lat' dir='ltr'>in</span> <span class='ocrx_word' id='word_1_303' title='bbox 1849 3209 2132 3262; x_wconf 75' lang='lat' dir='ltr'>venatione</span> <span class='ocrx_word' id='word_1_304' title='bbox 2165 3211 2351 3282; x_wconf 68' lang='lat' dir='ltr'>sagitta</span> 
     </span>
     <span class='ocr_line' id='line_1_49' title="bbox 1324 3287 2346 3360; baseline 0.009 -23"><span class='ocrx_word' id='word_1_305' title='bbox 1324 3303 1604 3356; x_wconf 84' lang='lat' dir='ltr'>percusso,</span> <span class='ocrx_word' id='word_1_306' title='bbox 1627 3305 1732 3357; x_wconf 83' lang='lat' dir='ltr'>qua</span> <span class='ocrx_word' id='word_1_307' title='bbox 1772 3287 2008 3354; x_wconf 84' lang='lat' dir='ltr'>interiit,</span> <span class='ocrx_word' id='word_1_308' title='bbox 2040 3289 2140 3360; x_wconf 85' lang='lat' dir='ltr'>leg.</span> <span class='ocrx_word' id='word_1_309' title='bbox 2174 3290 2346 3346; x_wconf 81' lang='lat' dir='ltr'>Cicer.</span> 
     </span>
     <span class='ocr_line' id='line_1_50' title="bbox 1325 3361 2265 3434; baseline 0.007 -18"><span class='ocrx_word' id='word_1_310' title='bbox 1325 3361 1560 3429; x_wconf 82' lang='lat' dir='ltr'>Tusc.V‚</span> <span class='ocrx_word' id='word_1_311' title='bbox 1587 3362 1635 3427; x_wconf 81' lang='lat' dir='ltr'>S.</span> <span class='ocrx_word' id='word_1_312' title='bbox 1669 3385 1774 3434; x_wconf 87' lang='lat'>90·</span> <span class='ocrx_word' id='word_1_313' title='bbox 1761 3406 1776 3431; x_wconf 96' lang='lat'>,</span> <span class='ocrx_word' id='word_1_314' title='bbox 1804 3379 1855 3418; x_wconf 85' lang='lat' dir='ltr'>et</span> <span class='ocrx_word' id='word_1_315' title='bbox 1874 3366 2131 3422; x_wconf 83' lang='lat' dir='ltr'>Herodot.</span> <span class='ocrx_word' id='word_1_316' title='bbox 2164 3371 2265 3423; x_wconf 90' lang='lat'>111.</span> 
     </span>
    </p>

    <p class='ocr_par' dir='ltr' id='par_1_14' title="bbox 1322 3446 2348 3749">
     <span class='ocr_line' id='line_1_51' title="bbox 1410 3446 2348 3516; baseline 0.007 -20"><span class='ocrx_word' id='word_1_317' title='bbox 1410 3446 1462 3497; x_wconf 84' lang='lat'>5.</span> <span class='ocrx_word' id='word_1_318' title='bbox 1496 3446 1733 3514; x_wconf 75' lang='lat' dir='ltr'>Alligari.</span> <span class='ocrx_word' id='word_1_319' title='bbox 1764 3446 1913 3516; x_wconf 83' lang='lat' dir='ltr'>Pigh.</span> <span class='ocrx_word' id='word_1_320' title='bbox 1942 3460 1994 3501; x_wconf 90' lang='lat' dir='ltr'>et</span> <span class='ocrx_word' id='word_1_321' title='bbox 2025 3448 2202 3503; x_wconf 88' lang='lat' dir='ltr'>Coler.</span> <span class='ocrx_word' id='word_1_322' title='bbox 2233 3448 2348 3503; x_wconf 87' lang='lat' dir='ltr'>edi-</span> 
     </span>
     <span class='ocr_line' id='line_1_52' title="bbox 1324 3521 2348 3598; baseline 0.007 -22"><span class='ocrx_word' id='word_1_323' title='bbox 1324 3521 1520 3577; x_wconf 73' lang='lat' dir='ltr'>derunt</span> <span class='ocrx_word' id='word_1_324' title='bbox 1531 3525 1734 3594; x_wconf 70' lang='lat' dir='ltr'>alligari</span> <span class='ocrx_word' id='word_1_325' title='bbox 1742 3526 1973 3581; x_wconf 73' lang='lat' dir='ltr'>videmus.</span> <span class='ocrx_word' id='word_1_326' title='bbox 1986 3528 2166 3582; x_wconf 81' lang='lat' dir='ltr'>Minus</span> <span class='ocrx_word' id='word_1_327' title='bbox 2177 3542 2348 3598; x_wconf 62' lang='grc' dir='ltr'><strong>κοῖος</strong></span> 
     </span>
     <span class='ocr_line' id='line_1_53' title="bbox 1322 3603 2345 3683; baseline 0.01 -30"><span class='ocrx_word' id='word_1_328' title='bbox 1322 3603 1540 3656; x_wconf 79' lang='lat' dir='ltr'>videmus</span> <span class='ocrx_word' id='word_1_329' title='bbox 1558 3604 1726 3675; x_wconf 79' lang='lat' dir='ltr'>glossa</span> <span class='ocrx_word' id='word_1_330' title='bbox 1744 3620 1820 3659; x_wconf 81' lang='lat' dir='ltr'>est</span> <span class='ocrx_word' id='word_1_331' title='bbox 1833 3645 1848 3670; x_wconf 93' lang='lat'>,</span> <span class='ocrx_word' id='word_1_332' title='bbox 1867 3619 1920 3660; x_wconf 88' lang='lat' dir='ltr'>et</span> <span class='ocrx_word' id='word_1_333' title='bbox 1941 3608 1996 3660; x_wconf 86' lang='lat' dir='ltr'>in</span> <span class='ocrx_word' id='word_1_334' title='bbox 2018 3609 2133 3662; x_wconf 84' lang='lat' dir='ltr'>solo</span> <span class='ocrx_word' id='word_1_335' title='bbox 2159 3610 2345 3683; x_wconf 77' lang='lat' dir='ltr'>Csmp.</span> 
     </span>
     <span class='ocr_line' id='line_1_54' title="bbox 1324 3684 2343 3749; baseline 0.007 -13"><span class='ocrx_word' id='word_1_336' title='bbox 1324 3697 1508 3749; x_wconf 78' lang='lat' dir='ltr'>exstat,</span> <span class='ocrx_word' id='word_1_337' title='bbox 1524 3684 1697 3737; x_wconf 76' lang='lat' dir='ltr'>caeteri</span> <span class='ocrx_word' id='word_1_338' title='bbox 1711 3704 1894 3739; x_wconf 71' lang='lat' dir='ltr'>onnes</span> <span class='ocrx_word' id='word_1_339' title='bbox 1909 3700 2052 3741; x_wconf 74' lang='lat' dir='ltr'>reete</span> <span class='ocrx_word' id='word_1_340' title='bbox 2073 3690 2343 3743; x_wconf 81' lang='lat' dir='ltr'>omittunt.</span> 
     </span>
    </p>

    <p class='ocr_par' dir='ltr' id='par_1_15' title="bbox 1324 3764 2350 4162">
     <span class='ocr_line' id='line_1_55' title="bbox 1406 3764 2342 3842; baseline 0.006 -26"><span class='ocrx_word' id='word_1_341' title='bbox 1406 3767 1459 3817; x_wconf 76' lang='lat'>6.</span> <span class='ocrx_word' id='word_1_342' title='bbox 1505 3764 1794 3835; x_wconf 67' lang='lat' dir='ltr'>Sapientem.</span> <span class='ocrx_word' id='word_1_343' title='bbox 1816 3767 1943 3820; x_wconf 85' lang='lat' dir='ltr'>Vid.</span> <span class='ocrx_word' id='word_1_344' title='bbox 1977 3769 2118 3822; x_wconf 74' lang='lat' dir='ltr'>Plut.</span> <span class='ocrx_word' id='word_1_345' title='bbox 2147 3770 2342 3842; x_wconf 79' lang='lat' dir='ltr'>apoph.</span> 
     </span>
     <span class='ocr_line' id='line_1_56' title="bbox 1324 3844 2350 3920; baseline 0.007 -24"><span class='ocrx_word' id='word_1_346' title='bbox 1324 3844 1419 3916; x_wconf 85' lang='lat' dir='ltr'>qui</span> <span class='ocrx_word' id='word_1_347' title='bbox 1435 3883 1450 3910; x_wconf 94' lang='lat'>,</span> <span class='ocrx_word' id='word_1_348' title='bbox 1477 3863 1587 3898; x_wconf 85' lang='lat' dir='ltr'>non</span> <span class='ocrx_word' id='word_1_349' title='bbox 1610 3849 1912 3915; x_wconf 76' lang='lat' dir='ltr'>conjuratos</span> <span class='ocrx_word' id='word_1_350' title='bbox 1941 3846 2350 3920; x_wconf 80' lang='lat' dir='ltr'>deprehendisse</span> 
     </span>
     <span class='ocr_line' id='line_1_57' title="bbox 1324 3925 2348 3999; baseline 0.007 -23"><span class='ocrx_word' id='word_1_351' title='bbox 1324 3925 1652 3996; x_wconf 75' lang='lat' dir='ltr'>Agesilaum,</span> <span class='ocrx_word' id='word_1_352' title='bbox 1682 3925 1773 3979; x_wconf 79' lang='lat' dir='ltr'>sed</span> <span class='ocrx_word' id='word_1_353' title='bbox 1804 3927 2055 3999; x_wconf 82' lang='lat' dir='ltr'>fugitivos</span> <span class='ocrx_word' id='word_1_354' title='bbox 2084 3947 2147 3980; x_wconf 79' lang='lat' dir='ltr'>ex</span> <span class='ocrx_word' id='word_1_355' title='bbox 2179 3931 2291 3983; x_wconf 79' lang='lat' dir='ltr'>acie</span> <span class='ocrx_word' id='word_1_356' title='bbox 2321 3951 2348 3983; x_wconf 74' lang='grc' dir='ltr'><strong><em>ι</em></strong></span> 
     </span>
     <span class='ocr_line' id='line_1_58' title="bbox 1324 4005 2347 4081; baseline 0.007 -25"><span class='ocrx_word' id='word_1_357' title='bbox 1324 4005 1513 4077; x_wconf 76' lang='lat' dir='ltr'>eapitis</span> <span class='ocrx_word' id='word_1_358' title='bbox 1525 4025 1683 4078; x_wconf 75' lang='lat' dir='ltr'>pona</span> <span class='ocrx_word' id='word_1_359' title='bbox 1697 4007 1966 4072; x_wconf 77' lang='lat' dir='ltr'>liberasse,</span> <span class='ocrx_word' id='word_1_360' title='bbox 1981 4022 2186 4073; x_wconf 73' lang='lat' dir='ltr'>narrat,</span> <span class='ocrx_word' id='word_1_361' title='bbox 2201 4011 2315 4081; x_wconf 76' lang='lat' dir='ltr'>lege</span> <span class='ocrx_word' id='word_1_362' title='bbox 2331 4052 2347 4075; x_wconf 94' lang='lat'>,</span> 
     </span>
     <span class='ocr_line' id='line_1_59' title="bbox 1324 4087 2345 4162; baseline 0.006 -25"><span class='ocrx_word' id='word_1_363' title='bbox 1324 4097 1384 4139; x_wconf 83' lang='lat' dir='ltr'>ut</span> <span class='ocrx_word' id='word_1_364' title='bbox 1428 4103 1491 4138; x_wconf 79' lang='lat' dir='ltr'>ex</span> <span class='ocrx_word' id='word_1_365' title='bbox 1534 4087 1648 4140; x_wconf 81' lang='lat' dir='ltr'>aoie</span> <span class='ocrx_word' id='word_1_366' title='bbox 1685 4087 1944 4158; x_wconf 75' lang='lat' dir='ltr'>fugientes</span> <span class='ocrx_word' id='word_1_367' title='bbox 1977 4089 2148 4159; x_wconf 77' lang='lat' dir='ltr'>capite</span> <span class='ocrx_word' id='word_1_368' title='bbox 2184 4091 2345 4162; x_wconf 83' lang='lat' dir='ltr'>puni·</span> 
     </span>
    </p>
   </div>
  </div>
 </body>
</html>
