3143 5204
394 491 600 560 CAP.
647 492 766 575 II,
820 491 960 558 DE
1015 489 1214 556 SAP.
1272 489 1548 556 DICT.
1607 490 1813 557 AUT
1868 491 2148 561 FACT.
2271 492 2356 563 13

340 648 405 718 7.
443 622 911 753 Aristophanis
961 645 1224 715 quoque
1267 617 1514 695 altioris
1557 634 1659 690 est
1700 620 2064 714 prudentiae
2106 648 2359 717 praece-

236 728 463 823 ptum¹
495 756 516 816 3
559 731 673 823 qui
720 729 790 797 in
838 727 1161 799 comoedia
1203 726 1567 796 introduxit
1614 728 1960 797 remissum
2004 729 2089 796 ab
2135 728 2360 801 inferis

237 837 681 904 atheniensem
707 833 1063 922 Periclem,
1092 835 1597 919 vaticinantem,
1625 857 1767 903 noa
1800 849 2113 930 oportere
2149 842 2220 904 in
2250 862 2358 905 ur-

237 941 314 1010 be
343 948 596 1011 nutrin'
625 944 883 1011 leonem
906 968 933 1029 ‚·
969 946 1077 1009 sin
1113 956 1340 1009 autem
1373 945 1467 1009 sit
1499 941 1744 1027 alitus,
1793 940 2080 1035 obsequi
2108 948 2177 1009 ei
2198 968 2358 1012 con·

236 1052 479 1117 venire.
512 1051 750 1117 Monet
785 1049 994 1132 enim,
1039 1061 1114 1116 ut
1156 1046 1502 1141 praecipuae
1542 1046 1900 1116 nobilitatis
1940 1061 2007 1115 et
2050 1052 2360 1119 concitati

236 1156 474 1248 ingenii
498 1156 777 1248 juvenes
806 1154 1255 1237 refrenentur3
1284 1153 1486 1222 nimio
1518 1178 1680 1222 vero
1717 1152 1943 1222 favore
1972 1177 2051 1222 ac
2089 1156 2360 1248 profusa

233 1260 633 1355 indulgentia
665 1262 869 1356 pasti,
905 1286 1038 1354 quo
1067 1262 1286 1329 minus
1323 1261 1689 1354 potentiam
1721 1260 2089 1346 obtineant,
2127 1286 2209 1329 ne
2239 1263 2360 1331 im·

234 1368 619 1461 pediantur3
655 1366 833 1461 quod
876 1367 1146 1436 stultum
1185 1368 1269 1435 sit
1304 1380 1371 1434 et
1404 1365 1668 1452 inutile,
1703 1390 1813 1435 eas
1850 1365 2221 1436 obtrectare
2262 1370 2358 1437 vi·

234 1498 366 1561 res,
400 1499 571 1569 quas
610 1475 752 1569 ipse
788 1474 1050 1543 foveris.

336 1581 402 1652 8.
440 1579 728 1649 Mirifice
764 1582 965 1649 etiam
998 1576 1267 1648 Thales²
1299 1604 1320 1647 .·
1348 1602 1503 1647 nam
1533 1580 2009 1675 interrogatuS,
2030 1582 2360 1673 arefacta

232 1687 572 1756 hominum
613 1686 780 1756 deos
787 1687 1179 1778 fallerent5
1215 1688 1369 1756 Nec
1411 1690 1724 1780 cogitata
1739 1740 1758 1773 ‚
1797 1687 2009 1780 inquit
2040 1713 2054 1754 ε
2098 1702 2174 1755 ut
2222 1714 2357 1757 non

232 1792 439 1862 solum
485 1818 755 1881 manus,
798 1792 914 1862 sed
956 1794 1154 1861 etiam
1196 1806 1450 1861 mentes
1488 1815 1688 1886 puras
1723 1792 1968 1869 habere
2006 1792 2358 1884 vellemuS,

232 1924 430 1994 quum
462 1901 730 1969 secretis
766 1898 1269 1993 cogitationibus
1297 1899 1537 1968 nostris
1575 1897 1829 1967 caeleste
1855 1923 2099 1968 numen
2132 1900 2359 1972 adesse

234 2006 752 2076 credidissemus.
1919 2022 1926 2029 ·

330 2137 403 2209 9.
440 2116 541 2183 Ac
572 2137 657 2182 ne
692 2111 872 2208 quod
902 2113 1194 2207 sequitur
1218 2110 1485 2205 quidem
1503 2166 1522 2198 ‚
1548 2113 1767 2180 minus
1792 2098 2094 2207 sapiens³.
2127 2115 2360 2185 Unicae

231 2218 373 2289 filiae
398 2234 591 2315 pater
617 2217 1129 2289 Themistoclem
1158 2216 1576 2303 consulebat,
1601 2233 1823 2286 utrum
1844 2243 1999 2287 eam
2013 2227 2356 2315 pauperi,

227 2326 351 2395 sed
383 2342 679 2412 ornato;
712 2350 807 2395 an
846 2326 1197 2421 locupleti,
1238 2323 1368 2392 sed
1385 2347 1646 2418 parum
1672 2322 2013 2420 probato,
2059 2327 2358 2397 colloca-

229 2449 345 2501 ret.
391 2434 522 2505 Cui
566 2434 659 2520 is,
704 2434 935 2518 Malo,
982 2432 1227 2525 inquit,
1275 2436 1494 2500 ve'mm
1521 2435 1829 2527 pecunia
1839 2485 1860 2518 ‚
1906 2455 2114 2526 quam
2140 2458 2357 2528 pecu-

228 2546 407 2610 niam
467 2547 623 2611 viro
681 2539 1108 2634 indigentem.
1172 2539 1329 2628 Quo
1386 2537 1563 2608 dicto
1614 2536 1889 2609 stultum
1942 2542 2230 2628 monuit,
2281 2557 2358 2611 ut

231 2672 543 2741 generum
581 2649 837 2743 potius,
880 2671 1079 2740 quam
1116 2645 1375 2714 divitias
1410 2647 1635 2740 generi
1678 2633 1983 2776 leget-esst.

341 2779 365 2823 1
383 2779 451 2824 o.
474 2756 651 2849 Age,
677 2751 960 2848 Philippi
985 2777 1182 2848 quam
1209 2750 1568 2847 probabilis
1591 2738 1930 2848 epistola⁵,
1954 2754 2024 2822 in
2048 2781 2179 2849 qua
2205 2756 2354 2825 Ale-

232 2860 553 2929 xandrum
598 2859 1041 2954 quorumdam
1086 2858 1532 2928 Macedonum
1580 2858 2109 2930 benevolentiam
2152 2861 2355 2957 largi-

232 2968 401 3036 tione
424 2967 511 3035 ad
540 2991 607 3035 se
642 2966 975 3035 attrahere
1007 2980 1318 3035 conatum
1350 2966 1442 3034 sic
1467 2966 1827 3060 increpuit:
1854 2994 1889 3030 <c
1907 2966 2076 3056 Quae
2110 2982 2203 3054 te,
2226 2968 2355 3059 fili,

236 3075 388 3142 ratio
425 3076 496 3142 in
538 3074 712 3142 hanc
743 3087 879 3141 tam
916 3097 1153 3143 vanam
1190 3097 1374 3167 spem
1408 3071 1698 3160 induxit,
1729 3087 1805 3141 ut
1833 3098 1945 3142 eos
1975 3074 2095 3142 tibi
2128 3074 2354 3148 fideles

236 3178 484 3250 futuros
530 3180 936 3249 existimares
957 3232 977 3266 ,
1028 3204 1194 3274 quos
1242 3180 1523 3274 pecunia
1565 3178 1651 3247 ad
1693 3202 1989 3249 amorem
2031 3183 2127 3251 tui
2170 3209 2352 3253 com·

307 3396 353 3430 1.
385 3379 706 3448 Proeceptmn.
726 3375 854 3429 Vid.
887 3376 1154 3448 Aristoph.
1187 3375 1243 3426 in
1327 3374 1454 3427 libri
1505 3376 1865 3446 copiosissime
1911 3391 2068 3449 atque
2116 3394 2353 3437 accurate

235 3457 363 3510 ranis
384 3477 439 3510 v.
473 3476 497 3510 ι
513 3458 620 3518 431
659 3455 744 3509 ed.
775 3456 1008 3508 Brunck.
1041 3488 1121 3497 —
1144 3457 1243 3507 Pe·
1330 3455 1518 3525 scripti
1549 3473 1562 3508 :
1614 3456 1926 3509 Tiedemanns
1980 3456 2354 3516 Griechenlaads

236 3538 399 3590 riclem.
437 3539 672 3608 Lapsum
710 3536 980 3589 memorie
1002 3535 1246 3588 Valerius
1331 3535 1499 3585 alceste
1523 3534 1861 3606 philosophare.

233 3615 656 3708 conspiciendum
715 3616 933 3689 praebet.
998 3615 1246 3688 AEschylo
1416 3615 1468 3666 3.
1500 3613 1717 3684 Sapiens.
1732 3616 1860 3669 vid.
1884 3617 2054 3670 Cicer.
2080 3618 2239 3674 Offic.
2270 3624 2349 3689 11;

234 3697 364 3748 enim
395 3698 535 3750 hanc
567 3698 879 3750 sententiam
906 3695 1096 3748 tribuit
1127 3697 1247 3748 Ari-
1332 3695 1603 3747 Plutarch.
1620 3694 1844 3750 invit.et
1857 3697 2350 3767 apophth.;Cicero

234 3778 538 3848 stophanes,
568 3779 719 3849 cujus
744 3776 905 3829 verba
941 3776 1053 3828 hac
1083 3786 1243 3827 sunt:
1332 3775 1436 3828 hoc
1456 3792 1671 3846 quoque
1694 3774 1760 3828 de
1783 3794 1875 3829 sua
1896 3776 2004 3829 filia
2022 3776 2174 3831 dixit.

234 3855 1246 3927 muzilima-occidimus·lvwo'lurpe'pm·
1417 3862 1467 3918 4.
1502 3856 1719 3925 Legerat.
1765 3855 1933 3909 Plaut.
1977 3857 2140 3911 Stich.
2185 3859 2243 3926 1,
2283 3880 2347 3926 ²3

235 3925 296 3988 ἢν
312 3932 366 3987 δ’
381 3940 599 4008 ἐκτραφῇ
621 3958 720 4002 τις,
739 3939 838 3998 τοῖς
860 3937 1053 4006 τρόποις
1072 3937 1248 4005 ὑπηρι-
1335 3954 1430 4006 79.
1467 3935 1583 3989 Non
1620 3947 1671 3985 eu
1699 3954 1768 3986 me
1788 3947 1989 4007 argento
2013 3937 2211 4001 dedisti,
2245 3945 2348 4013 opi..

1126 4018 1245 4067 τεῒν.
1331 4035 1442 4077 nor,
1477 4026 1701 4085 nuptum,
1735 4016 1822 4067 sed
1845 4020 1970 4068 vim.

312 4115 360 4147 ι.
400 4097 593 4148 Thales.
622 4093 748 4150 vid.
775 4096 988 4150 Lacr-t.
973 4115 1028 4147 in
1055 4095 1151 4147 vit.
1179 4095 1244 4147 In
1420 4096 1470 4148 5.
1500 4095 1744 4165 Epistola.
1780 4096 1953 4149 Cicer.
1979 4095 2092 4148 Off.
2119 4099 2174 4150 11
2192 4136 2204 4158 ‚
2247 4120 2265 4153 ι
2283 4103 2344 4166 5;

236 4174 312 4227 his
335 4178 582 4230 omnibus
618 4175 860 4248 proderit
888 4176 1047 4228 etiam
1090 4176 1243 4228 lectio
1331 4176 1484 4228 Joan.
1516 4175 1762 4234 Salisber,
1799 4177 1888 4228 lib.
1920 4177 2074 4228 VIII.
