3143 5204
821 458 910 527 72
1095 435 1537 505 VALERlI
1597 437 2010 503 MAXIMI
2067 438 2258 504 LIB.
2317 437 2556 504 VIII.

816 582 1119 661 peratum
1156 595 1193 637 a
1239 567 1514 663 collegio
1558 593 1883 662 augurum
1909 566 1924 589 ¹
1970 582 2128 636 erat.
2171 573 2228 636 A
2270 568 2505 662 quibus
2545 569 2943 665 Calpurnius

815 674 1115 744 demoliri
1165 676 1437 745 domum
1479 691 1789 762 coactuS‚
1826 676 1919 743 M.
1965 677 2269 744 Porcium
2318 679 2676 764 Catonem,
2723 677 2943 773 inclyti

817 783 1090 853 Catonis
1118 798 1371 877 patrem
1390 838 1408 871 ,
1438 783 1760 852 arbitrum
1792 782 2071 852 Claudio
2102 781 2410 871 addixit²‚
2456 799 2523 852 et
2558 783 2945 871 formulam,

814 912 1172 972 QqumD
1212 914 1348 960 sim
1396 915 1586 960 DARE
1631 914 2351 963 FACERROPORTERET
2392 916 2479 959 Ex
2524 916 2687 961 mm
2743 917 2943 962 nom.

815 998 983 1063 Cato
1016 1010 1089 1064 ut
1117 1011 1216 1066 est
1243 997 1549 1084 edoctus,
1580 997 1662 1065 de
1693 997 2016 1066 industria
2034 996 2384 1066 Claudium
2420 997 2710 1067 edictum
2743 1024 2948 1068 sacer·

811 1102 1042 1189 dotum
1076 1106 1546 1198 suppressisse,
1577 1106 1894 1173 continuo
1930 1102 2114 1172 illum
2152 1092 2555 1198 Calpurnio³
2587 1105 2944 1175 damnavit.

815 1211 1088 1276 Summa
1130 1210 1396 1303 quidem
1430 1238 1580 1280 cum
1628 1214 1980 1305 aequitate3
2018 1213 2169 1306 quia
2212 1212 2404 1282 bonae
2445 1211 2597 1280 fidei
2635 1212 2947 1282 vendito-

812 1340 949 1382 rem
966 1369 985 1402 ,
1010 1340 1133 1384 nec
1152 1318 1658 1386 commodorum
1683 1305 1903 1412 spem⁴
1928 1343 2202 1413 augere,
2222 1343 2344 1386 nec
2369 1319 2947 1388 incommodorum

812 1424 1257 1515 cognitionem
1305 1425 1663 1494 obscurare
1708 1439 1991 1519 oportet.

923 1568 987 1609 2.
1018 1545 1272 1611 Notum
1305 1546 1434 1613 suis
1468 1546 1878 1637 temporibus
1895 1543 2216 1638 judicium
2248 1547 2806 1612 commemoravi:
2833 1546 2948 1613 sed

813 1672 973 1731 nec,
1011 1650 1187 1741 quod
1228 1649 1553 1718 relaturus
1594 1650 1859 1744 quidem
1899 1675 2043 1717 sum
2071 1705 2089 1732 ‚
2136 1649 2556 1719 obliteratum
2603 1665 2701 1720 est
2742 1648 2946 1719 silen—

810 1755 900 1819 tio
922 1740 962 1819 ⁵.
1004 1758 1077 1823 C.
1116 1755 1420 1823 Visellius
1454 1759 1703 1840 Varro,
1742 1759 1926 1848 gravi
1965 1757 2200 1825 morbo
2236 1772 2614 1852 correptuS,
2652 1772 2945 1826 trecenta

804 1960 980 2022 [nu-nio
1014 1958 1239 2010 Lanario.
1259 1959 1416 2011 Hunc
1448 1958 1636 2028 saepius
1662 1958 1835 2009 nomi-

810 2048 1024 2085 naverat
1054 2040 1328 2091 Sallustius
1355 2039 1409 2089 in
1433 2038 1668 2089 historia.
1699 2038 1836 2089 Hinc

1922 1977 1983 2009 ce
2003 1957 2137 2011 illud
2155 1972 2445 2030 praetorum
2461 1959 2551 2025 do,
2565 1960 2696 2019 dico,
2713 1958 2946 2024 addico),

1923 2039 2005 2091 vel
2037 2059 2066 2089 e
2106 2039 2458 2091 conventione
2498 2038 2822 2109 litigatorum
2858 2057 2946 2091 su·

810 2114 1129 2185 Calpurnius
1171 2118 1511 2172 Sallustianus
1542 2118 1837 2188 appellatur

809 2195 874 2246 ab
890 2194 1218 2271 Hieronymo
1237 2199 1456 2271 Apolog.
1469 2196 1716 2250 adversus
1732 2199 1837 2249 nu-

804 2280 993 2334 finum.

896 2383 915 2415 1
931 2405 943 2416 .
976 2367 1248 2432 Augurum.
1278 2362 1541 2430 Augures,
1560 2377 1727 2430 quum
1750 2376 1833 2409 ca-

810 2458 994 2515 perent
1038 2442 1300 2513 auspicia,
1349 2441 1402 2491 in
1446 2458 1566 2490 saxo
1611 2438 1833 2508 Tarpeio

808 2523 1087 2589 sedebant,
1106 2535 1158 2574 et
1189 2533 1417 2592 quatuor
1446 2519 1501 2569 in
1532 2534 1650 2579 aere
1669 2516 1832 2587 spatia

806 2606 1175 2676 designabant,
1192 2605 1247 2656 in
1275 2601 1508 2663 oriente,
1529 2596 1676 2669 quod
1699 2598 1835 2650 anti-

806 2704 918 2738 cam
937 2684 1289 2756 appellabant,
1307 2683 1361 2733 in
1380 2677 1657 2732 occidente
1676 2679 1834 2748 posti·
1871 2741 1876 2750 ι

808 2785 953 2827 cam,
987 2765 1039 2815 in
1072 2761 1295 2815 meridie
1326 2759 1596 2822 dextram,
1636 2759 1692 2809 in
1724 2779 1835 2829 sep-

809 2844 1090 2897 temtrione
1110 2861 1237 2894 vero
1255 2841 1538 2893 sinistram.
1575 2840 1642 2890 Et
1666 2858 1831 2910 quum

806 2929 917 2980 haec
936 2923 1316 2995 designassent,
1335 2920 1705 2991 concipiebant
1724 2920 1833 2971 ani-

808 3037 927 3079 mo,
969 3030 1086 3083 quae
1120 3010 1266 3079 signa
1310 3002 1451 3058 mitti
1485 3001 1714 3064 vellent,
1748 3001 1830 3051 vel

805 3099 1068 3156 vultures,
1084 3091 1168 3143 vel
1195 3087 1390 3158 aquilas
1401 3121 1417 3147 ,
1432 3082 1513 3134 vel
1532 3080 1826 3132 columbas:

805 3176 931 3229 inde
954 3171 1323 3244 exspectabant
1340 3204 1356 3228 ‚
1376 3159 1650 3232 numquid
1667 3179 1829 3231 appa-

802 3269 967 3319 reret;
994 3251 1138 3326 quod
1152 3251 1196 3303 si
1209 3245 1534 3318 apparuisset
1544 3279 1559 3306 ,
1575 3241 1832 3293 existima-

803 3341 959 3400 bant,
990 3336 1196 3406 placere
1228 3329 1369 3390 Diis;
1406 3327 1448 3378 si
1487 3323 1692 3386 minus,
1718 3339 1828 3374 non

798 3419 1024 3489 placere.

887 3518 937 3549 2.
969 3493 1179 3548 Claudio
1203 3490 1409 3542 addixit.
1430 3485 1607 3554 Vulgo
1627 3482 1829 3551 legeba-

802 3593 889 3630 tur
914 3596 1018 3627 cum
1049 3572 1257 3626 Claudio
1288 3569 1509 3620 adduxit.
1536 3562 1640 3617 Sed
1671 3562 1822 3632 Pigh.

798 3679 863 3711 ex
880 3659 1064 3726 Camp.
1079 3650 1348 3706 Gemblac.
1361 3648 1542 3700 Atreb.
1560 3657 1614 3696 et
1623 3642 1823 3697 Cauch.

798 3737 969 3791 edidit
1000 3733 1211 3788 Claudio
1237 3729 1465 3787 adduxit,
1501 3723 1644 3778 unde
1674 3723 1827 3792 Cuja·

798 3821 910 3870 cius
937 3830 991 3869 et
1016 3812 1311 3866 Brissonius
1332 3808 1403 3860 de
1437 3808 1614 3858 Fortu.
1641 3804 1824 3872 legunt

799 3899 1010 3950 Claudio
1040 3894 1250 3952 addixit,
1274 3887 1421 3960 quod
1441 3884 1688 3937 vorstius
1710 3882 1822 3954 pri·

802 3997 917 4029 mus
946 3979 1002 4028 in
1031 3987 1232 4027 textum
1260 3969 1475 4038 recepit.
1502 3967 1672 4020 Beue,
1699 3981 1822 4014 uam

793 4057 996 4129 judices
1014 4074 1104 4107 seu
1127 4051 1311 4105 arbitri
1332 4048 1586 4101 dicuutur
1612 4043 1819 4107 addicti,

799 4140 892 4208 qui
917 4137 998 4189 vel
1027 4155 1053 4187 a
1080 4145 1304 4204 praetore
1332 4128 1594 4181 (labimur
1622 4120 1822 4193 (respi-

1924 2120 2221 2171 mebantur.
2247 2151 2327 2161 —
2362 2118 2632 2189 Oportet-et.
2665 2120 2742 2172 Et
2758 2122 2948 2187 sormu-

1924 2198 2017 2248 lam
2034 2237 2050 2263 ,
2084 2198 2320 2269 quidquid
2343 2231 2423 2240 --
2446 2216 2507 2250 ex
2518 2197 2625 2268 fide
2655 2199 2793 2252 bona.
2819 2199 2948 2253 Hoc

1921 2279 2077 2331 lectio
2107 2294 2138 2331 a
2162 2279 2352 2348 Pighio
2382 2291 2489 2343 est,
2521 2296 2679 2350 quem
2709 2280 2801 2333 atii
2831 2278 2947 2332 edi-

1923 2372 2060 2411 tores
2085 2361 2292 2431 sequuti
2319 2372 2470 2426 sunt3
2501 2359 2632 2412 olim
2658 2379 2785 2414 vero
2804 2360 2944 2430 lege-

1919 2440 2110 2502 batur,
2144 2452 2198 2489 ut
2219 2440 2482 2505 sor-mulam
2511 2440 2672 2501 daret,
2707 2440 2829 2512 quid
2852 2441 2947 2491 sibi

1920 2520 1979 2570 de
2005 2536 2061 2569 ea
2093 2538 2141 2570 re
2159 2521 2327 2586 βαιὴ-ο
2349 2540 2424 2590 ομ.
2454 2534 2514 2571 ex
2534 2523 2583 2587 f.
2614 2521 2659 2572 b.
2703 2520 2768 2571 In
2801 2536 2944 2572 non·

1918 2600 2081 2654 nullis
2114 2599 2271 2654 etiam
2301 2600 2363 2653 de
2400 2622 2458 2652 ea
2485 2622 2535 2652 re
2571 2600 2866 2667 omittitur,
2890 2604 2945 2655 in

1922 2681 2035 2733 aliis
2064 2694 2142 2734 est
2168 2683 2304 2740 dari,
2334 2681 2387 2732 in
2414 2682 2528 2735 aliis
2558 2684 2726 2734 aliter.
2745 2683 2945 2735 Torre-

1920 2761 2040 2813 nius
2059 2762 2291 2832 conjicit,
2306 2762 2628 2828 ursei-mulam
2646 2762 2807 2822 daret,
2829 2765 2948 2834 quid

1918 2841 2011 2892 sibi
2024 2842 2142 2892 dare
2147 2844 2316 2908 facere
2335 2853 2571 2912 oporteret
2586 2840 2763 2912 exfide
2783 2842 2910 2892 bona
2923 2862 2942 2894 .-

1918 2920 1974 2973 id
1998 2935 2101 2986 est,
2130 2923 2262 2974 Cato
2289 2923 2631 2974 constitueret
2660 2923 2944 2975 formulam

1913 3000 2246 3071 judicialem,
2290 3001 2420 3073 quid
2468 3015 2740 3074 oporteret
2781 3002 2941 3056 Clau·

1917 3081 2068 3134 dium
2107 3083 2283 3135 facere
2334 3095 2492 3153 atque
2541 3096 2795 3155 proesmrve
2840 3083 2942 3153 ipsi

1917 3163 2227 3232 Calpurnio.
2252 3162 2380 3214 vid.
2409 3162 2640 3216 Brissou.
2671 3162 2742 3216 de
2757 3163 2942 3217 Foru).

1916 3243 2117 3295 solenu.
2146 3255 2405 3296 veterum.
2657 3271 2658 3278 κ

1999 3324 2051 3375 3.
2089 3321 2367 3393 Calpurnio.
2395 3323 2460 3376 Id
2483 3336 2595 3386 est,
2622 3324 2680 3376 in
2699 3325 2942 3378 favorem

1914 3402 2212 3473 Calpurnii.

2000 3489 2050 3544 4.
2092 3483 2253 3553 Spem.
2293 3483 2532 3554 Uterque
2573 3483 2739 3537 Paris.
2782 3478 2939 3538 Barb.

1915 3563 2108 3634 Copes.
2134 3568 2354 3634 speciem,
2375 3563 2523 3634 quod
2544 3565 2813 3618 Tor-renio
2831 3584 2939 3618 non

1911 3640 2170 3714 displicet.
2204 3645 2415 3714 Speciem
2446 3663 2621 3714 augent
2650 3658 2737 3698 eet
2769 3646 2942 3698 facere

1912 3735 1973 3776 ut
1988 3723 2269 3777 commoda
2286 3723 2564 3777 videantur
2583 3727 2800 3795 major-⁸.
2822 3726 2940 3796 Spes

1911 3816 1964 3855 et
1999 3809 2170 3873 species
2204 3806 2487 3875 saepissitue
2524 3807 2578 3857 in
2607 3806 2776 3858 MSS.
2808 3826 2939 3859 con·

1911 3884 2225 3940 funduntur.

1996 3968 2046 4017 5.
2075 3966 2293 4018 Silentia.
2322 3967 2421 4018 Au.
2457 3965 2525 4017 U.
2562 3964 2673 4033 675
2705 3966 2935 4020 dreiter.

1913 4045 2022 4097 Cic.
2053 4046 2108 4098 in
2136 4047 2285 4098 Brut.
2319 4051 2411 4114 76.
2442 4047 2576 4097 Rem
2596 4045 2788 4096 silentio
2808 4041 2937 4098 ohli-

1914 4136 2065 4176 eerare
2091 4127 2248 4179 habet
2279 4127 2494 4182 Sueten.
2525 4125 2705 4180 'ffibeuu
2745 4145 2836 4179 πα.
