3143 5204
1083 404 1516 472 VALERII
1573 403 1988 469 MAXIMI
2044 403 2232 470 LIB.
2287 404 2419 470 IX.

711 559 908 629 quam
944 531 1165 601 similis
1208 547 1368 601 erat.
1413 534 1556 602 Nec
1592 531 1683 600 illi
1732 546 1845 600 aut
1891 557 2152 600 morum
2195 532 2531 625 probitas,
2580 548 2697 600 aut
2737 559 2839 602 re-

714 655 976 736 spectus
1012 654 1112 708 tot
1137 640 1494 732 imaginum
1516 693 1534 725 ,
1562 663 1696 733 quo
1723 639 1944 707 minus
1980 639 2106 707 hac
2141 637 2541 707 contumelia
2568 639 2839 734 adsper-

719 761 1014 842 geretur‚
1047 744 1365 840 opitulata
1403 759 1575 814 sunt.

827 858 894 938 [⁸.
951 854 1543 923 Generosissimum
1594 851 1972 920 consulatus
2021 850 2372 946 collegium
2395 850 2413 874 ¹
2467 851 2734 920 Lentuli
2777 866 2845 920 et

723 958 976 1028 Metelli
1024 959 1151 1027 fuit
1191 985 1205 1026 ε
1261 960 1375 1051 qui
1427 959 1625 1026 ambo
1675 960 1740 1025 in
1792 982 1987 1027 scena
2037 972 2311 1052 propter
2352 955 2843 1026 similitudinem

724 1067 1119 1134 histrionum
1157 1064 1642 1159 propemodum
1681 1066 1958 1159 spectati
1993 1079 2181 1150 sunt3
2211 1063 2326 1143 sed
2362 1062 2528 1132 alter
2564 1088 2642 1131 ex
2679 1088 2844 1157 quo·

724 1173 878 1240 dam
915 1170 1352 1241 secundarum
1389 1168 1761 1265 cognomen
1796 1171 2172 1265 Spintheris
2207 1171 2447 1239 traxit:
2493 1168 2680 1257 alter,
2722 1171 2848 1239 nisi

725 1278 1020 1373 Nepotis
1058 1303 1097 1345 a
1132 1280 1429 1346 moribus
1452 1277 1471 1300 ²
1509 1280 1904 1378 accepisset,
1948 1276 2272 1370 Pamphili
2315 1272 2657 1345 tertiarum
2680 1328 2700 1359 ,
2742 1279 2851 1346 cui

728 1383 1097 1453 simillimus
1136 1408 1275 1453 esse
1312 1384 1675 1469 ferebatur,
1714 1384 2066 1451 habuisset.

839 1488 903 1559 5.
931 1492 1018 1556 At
1046 1492 1139 1557 M.
1163 1489 1468 1558 Messalla
1496 1489 1857 1558 consularis
1892 1504 1959 1557 et
1989 1491 2362 1575 censorius,
2387 1475 2851 1584 Menogenis}

728 1597 1061 1689 Curioque
1120 1596 1424 1665 omnibus
1478 1596 1841 1666 honoribus
1891 1594 2234 1665 abundans
2252 1649 2273 1677 ,
2317 1595 2645 1673 Bur-balei
2672 1621 2695 1663 .·
2745 1593 2856 1663 ille

727 1716 1003 1796 propter
1034 1702 1165 1769 oris
1201 1701 1623 1796 adspectum,
1656 1702 1767 1771 hic
1803 1716 2076 1796 propter
2110 1725 2338 1796 parem
2375 1703 2673 1796 corporis
2709 1726 2856 1770 mo·

728 1823 870 1876 tum
890 1862 911 1896 ,
951 1822 1228 1901 uterque
1271 1809 1799 1877 scenici-nomen
1839 1822 2107 1878 coactus
2139 1822 2240 1877 est
2275 1809 2585 1902 recipere.

712 428 861 475 200

877 2021 984 2073 DE
1023 2021 1671 2073 SIMILITUDINE
1712 2019 2033 2073 FORMAE
2074 2020 2719 2073 EXTERNORUM.

847 2232 903 2276 1.
938 2207 1219 2276 Abunde
1253 2208 1383 2276 sint
1424 2207 1565 2276 haec
1604 2205 1686 2275 de
1724 2205 2139 2293 domesticis,
2181 2207 2492 2300 quoniam
2531 2222 2597 2274 et
2633 2232 2860 2300 perso·

728 2316 829 2382 nis
876 2328 1029 2382 sunt
1065 2311 1444 2381 excellentia
1467 2366 1484 2399 ,
1527 2327 1594 2380 et
1634 2338 1770 2380 non
1813 2312 2096 2381 obscura
2149 2313 2380 2381 notitia
2421 2311 2860 2381 celebrantur.

730 2421 896 2515 Regi
932 2408 1303 2487 Antiocho⁴
1342 2444 1512 2486 unus
1553 2444 1633 2486 ex
1667 2416 2060 2512 aequalibus,
2098 2432 2164 2486 et
2200 2421 2340 2512 ipse
2378 2420 2572 2513 regiae
2606 2420 2864 2514 stirpis,

737 2633 978 2684 cantibus
1010 2623 1298 2683 ministeria
1329 2631 1595 2700 prae'stans.
1621 2630 1757 2682 Plin.
1848 2649 2002 2683 scena
2029 2629 2117 2682 alii
2143 2630 2469 2701 primarum,
2507 2629 2596 2681 alii
2619 2628 2870 2683 secunda·

737 2711 775 2763 l.
804 2713 892 2764 cit.
927 2711 1269 2781 Serapionem
1297 2709 1403 2761 vile
1436 2710 1757 2780 mancipium

741 2790 1109 2860 negotiationis
1147 2790 1330 2842 suariae
1366 2788 1524 2841 fuisse
1561 2788 1760 2841 scribit.
1795 2815 1800 2834 ι

740 2871 785 2921 Ε
815 2871 970 2921 Livio
996 2870 1387 2940 cognoscimus,
1413 2869 1480 2920 ab
1508 2867 1766 2921 irridente

742 2949 983 3002 Curiatio
1023 2949 1147 3000 trib.
1179 2950 1323 3018 pleb.
1360 2948 1462 3000 hoc
1498 2948 1544 2998 ei
1578 2966 1768 3018 cogno-

728 3047 862 3098 „men
882 3028 1189 3100 impositum
1204 3047 1328 3080 esse.
1353 3026 1483 3081 Vid.
1505 3028 1624 3080 Liv.
1647 3030 1764 3081 LV.

829 3127 849 3160 1
862 3148 876 3161 .
913 3108 1332 3162 Generosissimum
1363 3109 1634 3160 consulatus
1665 3109 1764 3161 col·

745 3188 936 3256 legium.
978 3189 1061 3239 Ita
1101 3187 1356 3258 Pighius,
1401 3206 1464 3240 ex
1499 3189 1766 3259 plerisque

739 3266 892 3319 MSS.
935 3266 1039 3319 Alii
1073 3271 1455 3336 generosissimus
1493 3269 1765 3319 consulatus

741 3347 942 3415 collegio
954 3366 974 3406 ;
998 3345 1145 3417 quod
1170 3347 1334 3417 magis
1354 3347 1525 3417 placet
1548 3348 1763 3400 Grono-

739 3427 829 3478 vio
843 3466 857 3493 ‚
870 3427 959 3496 qui
986 3438 1160 3478 tamen
1173 3446 1237 3479 ex
1251 3438 1376 3479 vett.
1402 3425 1522 3479 edd.
1540 3440 1593 3478 et
1609 3427 1760 3480 MSS.

738 3503 1021 3575 legendum
1046 3518 1227 3575 putat,
1247 3508 1632 3574 generosissimus
1656 3526 1765 3558 con-

738 3586 923 3637 sulatus
938 3623 953 3645 ,
987 3585 1254 3654 collegium.
1291 3618 1371 3627 -
1411 3586 1621 3636 Lentuli·
1658 3589 1757 3638 An.

738 3666 811 3717 U.
843 3669 977 3732 696.
1001 3665 1257 3717 Lentulus
1281 3664 1369 3717 hic
1391 3665 1639 3736 Spinther
1661 3678 1765 3730 est,

737 3744 830 3815 qui
862 3744 1046 3797 consul
1088 3742 1155 3796 de
1189 3745 1445 3798 Cicerone
1484 3745 1549 3796 ab
1579 3743 1762 3797 exsilio

734 3822 1040 3878 revocando
1057 3824 1240 3876 retulit
1262 3836 1314 3875 et
1336 3836 1517 3894 postea
1539 3842 1764 3893 procon-

734 3905 847 3956 sule
870 3904 928 3956 in
945 3904 1185 3958 Ciliciam
1204 3915 1280 3956 est
1307 3904 1592 3974 profectus.
1611 3903 1761 3974 Spin·

733 3982 851 4034 ther
894 3997 1069 4037 autem
1108 3984 1210 4036 fuit
1243 3983 1460 4047 histrio,
1490 3983 1639 4053 isque
1675 4003 1755 4037 se-

728 4061 1020 4117 cundarum
1075 4063 1323 4134 partium.
1378 4062 1645 4115 Nimirum
1699 4064 1754 4116 in

1848 2729 1972 2761 rum
1986 2749 2001 2774 ,
2024 2710 2113 2761 alii
2131 2710 2402 2761 tertiarum
2420 2709 2652 2779 partium
2670 2724 2875 2762 actores

1851 2787 2179 2842 dicebantur.
2195 2786 2321 2840 Vid·
2350 2788 2462 2841 Cic.
2487 2789 2645 2841 Verr.
2665 2790 2710 2843 I.

1938 2889 1987 2921 2.
2019 2869 2255 2920 Moribus.
2286 2869 2506 2922 Colerus
2542 2880 2595 2922 et
2625 2869 2870 2922 Perizon.

1854 2946 2134 3019 legendum
2171 2961 2363 3019 putant
2395 2969 2428 3000 a
2461 2948 2733 3018 majoribus.
2769 2947 2874 3001 sed

1852 3029 2047 3081 rectius
2071 3028 2340 3099 Kappius,
2376 3030 2640 3099 Nepotem
2668 3028 2875 3081 dictum

1856 3127 1963 3160 esse
1983 3127 2010 3158 a
2028 3108 2292 3161 moribus:
2316 3128 2438 3162 nam
2463 3109 2759 3162 luxuriosos
2782 3110 2877 3161 ho-

1852 3187 2020 3239 mines
2051 3207 2186 3259 saepe
2216 3203 2404 3257 nepotes
2432 3202 2706 3241 vocarunt.
2733 3188 2873 3240 Hinc

1853 3279 2123 3336 nepotulus,
2142 3267 2350 3321 ἀσωτία.
2365 3301 2441 3309 -
2459 3268 2880 3333 Tertiamm.Qui·

1853 3345 1974 3398 dam
2014 3351 2214 3401 retiatii.
2256 3349 2415 3400 Male.
2455 3348 2579 3399 Non
2617 3349 2761 3402 enim
2807 3346 2876 3399 de

1850 3425 2228 3495 gladiatoribus
2267 3427 2358 3481 sed
2416 3425 2485 3479 de
2528 3428 2877 3481 histrionibus

1849 3505 2088 3576 loquitur
2103 3507 2368 3561 Valerius.
2400 3506 2549 3560 Leid.
2573 3509 2746 3578 quint.
2781 3521 2878 3558 ter·

1854 3589 2013 3646 tias-ii,
2042 3585 2200 3658 quod.
2222 3585 2440 3657 quidem
2467 3588 2567 3641 viri
2596 3585 2741 3640 docti
2767 3606 2876 3639 m·

1854 3665 1970 3718 lint.

1935 3747 1987 3798 3.
2015 3745 2456 3816 ιῖίσηοςεηιζς.νίᾶ.
2488 3747 2719 3810 Plinius,
2738 3748 2877 3808 vn,

1859 3845 1881 3877 1
1897 3845 1923 3876 2
1944 3845 1960 3890 ς
1992 3825 2159 3878 Solin.
2184 3828 2252 3878 V.
2283 3829 2439 3878 Anno
2462 3827 2624 3879 Urbis
2648 3825 2875 3879 condite

1853 3909 1985 3974 698.
2013 3925 2150 3957 cens.
2177 3905 2447 3970 Messalla3
2475 3925 2599 3960 ann.
2629 3908 2700 3959 U.
2740 3909 2876 3977 577,

1848 4005 1952 4038 cos.
1983 3985 2164 4039 Curio.

1932 4071 1981 4128 4.
2005 4065 2266 4118 Antiocho.
2291 4064 2419 4118 Vid.
2445 4065 2734 4137 Polybium
2764 4085 2827 4120 ex
2860 4085 2888 4118 c
