3143 5204
418 502 609 569 CAP.
665 502 868 586 XIV,
923 501 1049 568 DE
1102 500 1738 570 SIMILITUDINE
1792 504 2147 571 FORMAE.
2220 529 2355 573 201

242 633 512 701 nomine
548 634 905 718 Artemon,
947 656 1266 726 perquam
1305 630 1530 701 similis
1576 633 1772 702 fuisse
1812 635 2128 703 traditur:
2163 661 2362 730 quem

242 738 570 826 Laodice,
599 764 771 807 uxor
796 738 1138 825 Antiochi,
1169 738 1515 808 interfecto
1544 740 1720 824 viro,
1752 739 2199 810 dissimulandi
2228 768 2366 812 sce-

242 843 397 913 leris
433 845 677 939 gratia,
718 847 786 913 in
820 841 1061 913 lectulo
1091 845 1364 939 perinde
1399 848 1585 938 quasi
1618 848 1833 941 ipsum
1866 872 2087 941 regem
2119 873 2369 943 aegrum

243 948 639 1039 collocavit;
668 950 1154 1044 admissumque
1180 952 1561 1021 universum
1590 951 1945 1048 populum,
1977 969 2043 1022 et
2066 979 2369 1023 sermone

243 1056 389 1150 ejus
439 1072 507 1126 et
555 1057 744 1127 vultu
790 1055 1111 1127 consimili
1157 1056 1431 1145 fefellit3
1479 1058 2027 1153 credideruntque
2070 1061 2370 1130 homines

244 1163 336 1231 ab
374 1164 707 1233 Antiocho
745 1166 1069 1232 moriente
1105 1163 1440 1233 Laodicen
1489 1180 1557 1233 et
1596 1180 1786 1236 natos
1834 1165 1973 1259 ejus
2021 1166 2141 1235 sibi
2181 1192 2370 1237 com-

246 1268 566 1337 mendari.

361 1402 426 1444 α.
473 1374 844 1469 Hybream¹
883 1389 1105 1444 autem
1150 1375 1564 1471 Mylasenum
1589 1431 1607 1463 ‚
1650 1378 1933 1472 copiosae
1970 1394 2166 1473 atque
2208 1405 2372 1448 con-

248 1483 469 1551 citatae
515 1480 837 1551 facundiae
874 1497 1203 1550 oratorem
1226 1535 1246 1568 ‚
1293 1485 1713 1577 Cymaeorum
1756 1509 1949 1553 servo
1989 1488 2379 1580 strigmenta

233 1590 574 1682 >gymnasii
623 1586 957 1681 colligenti
1006 1603 1143 1657 tam
1193 1587 1468 1657 similem
1516 1590 1777 1678 ferunt,
1821 1606 1896 1687 ut
1943 1607 2201 1661 tantum
2242 1616 2378 1661 non

250 1719 643 1788 germanum
672 1693 940 1762 fratrem
970 1696 1171 1764 totius
1193 1697 1364 1763 Asiae
1391 1695 1565 1765 oculi
1593 1699 2029 1791 assignarent;
2062 1700 2151 1767 ita
2179 1698 2376 1767 linea-

252 1803 494 1869 mentis
528 1802 661 1868 oris
690 1813 758 1868 et
786 1800 1083 1869 omnium
1117 1802 1567 1871 membrorum
1598 1828 1940 1897 compares
1972 1819 2177 1874 erant.

366 1904 432 1976 3.
479 1904 599 1975 Ille
634 1931 832 1995 vero,
873 1932 1071 2000 quem
1107 1908 1175 1975 in
1213 1907 1432 1977 Sicilia
1465 1911 1763 2003 praetoris
1798 1909 2159 1980 admodum
2196 1913 2378 1980 simi-

254 2012 384 2081 lem
410 2012 613 2081 fuisse
636 2027 929 2101 constat,
958 2013 1311 2108 petulantis
1339 2015 1467 2084 fuit
1493 2018 1694 2085 animi
1715 2014 1763 2085 ²:
1788 2017 2184 2112 proconsule
2206 2020 2378 2086 enim

254 2119 518 2188 dicente
532 2173 552 2207 ‚
606 2125 846 2188 mirari
887 2145 963 2187 se
978 2172 1000 2204 ,
1052 2138 1477 2215 quapropter
1520 2129 1633 2191 sui
1675 2138 1819 2190 tam
1871 2126 2109 2193 similis
2159 2141 2336 2193 esset
2353 2179 2375 2211 ,

254 2250 462 2320 quum
489 2242 701 2321 pater
734 2250 898 2294 suus
931 2231 1004 2294 in
1033 2249 1205 2296 eam·
1208 2233 1636 2321 provinciam
1669 2253 2018 2322 nunquam
2057 2236 2381 2299 acc-essaf-

254 2348 397 2401 set:
429 2336 536 2401 At
576 2356 761 2401 meus
770 2384 792 2416 ,
839 2332 1079 2425 inquit,
1128 2336 1411 2401 Romam
1420 2333 1840 2427 fi·equenter
1870 2341 2175 2404 accessit.
2219 2341 2256 2405 J
2259 2361 2383 2405 oco

258 2463 547 2533 namque
585 2437 948 2507 lacessitam
977 2440 1207 2509 matris
1244 2464 1378 2508 suae
1413 2439 1833 2534 pudicitiam,
1867 2443 2149 2511 invicem
2177 2444 2384 2537 suspi-

258 2547 450 2614 cione
492 2545 559 2613 in
603 2558 880 2614 matrem
917 2543 1057 2638 ejus
1093 2530 1402 2639 rejecta³‚
1455 2546 1803 2635 audacius,
1846 2573 2045 2644 quam
2080 2550 2281 2644 virgis
2321 2563 2389 2619 et

261 2652 605 2722 securibus
637 2652 934 2745 subjecto
973 2653 1446 2741 conveniebat,
1481 2653 1657 2723 ultus
1694 2669 1810 2724 est.

259 2816 358 2886 leg.
374 2833 494 2885 cap.
517 2835 541 2868 1
555 2822 648 2878 40.
662 2817 918 2885 —Regiae
932 2819 1106 2887 stirpis.
1122 2816 1284 2869 Juxta

1371 2836 1483 2870 non
1524 2832 1701 2882 recte,
1738 2818 1919 2890 judice
1961 2821 2211 2886 voratio,
2253 2819 2397 2892 quod

267 2896 399 2948 alios
427 2915 459 2948 e
485 2897 686 2966 syriaca
716 2896 873 2966 plebe
900 2896 1020 2948 fuit.

1372 2897 1624 2968 praecedit
1650 2912 1727 2960 ut,·
1747 2899 1890 2953 unde
1918 2901 2208 2954 Torrenius
2229 2902 2398 2970 conji-

347 2996 396 3028 1.
432 2975 695 3049 Hybream.
731 2974 973 3045 Hybreas
989 3014 1005 3040 ,
1042 2978 1282 3048 egregius

263 3068 476 3116 orator,
512 3053 802 3126 discipulus
839 3056 940 3107 fuit
981 3058 1285 3126 Diotrephae

261 3134 584 3187 Antiocheni
597 3175 612 3200 ,
629 3153 834 3187 coaevus
857 3135 1280 3189 Strabonis.Vid.

261 3217 375 3285 ejus
392 3215 431 3268 l.
460 3215 631 3279 x111;
662 3228 716 3267 et
734 3214 875 3267 Plut.
903 3216 959 3267 in
982 3218 1181 3270 Anton.
1206 3248 1285 3260 --

262 3294 583 3366 Myle-teman.
614 3294 816 3364 Mylasa
836 3308 912 3347 est
935 3297 1062 3349 urbs
1088 3297 1286 3363 Cariae3

264 3375 462 3446 Cyme,
492 3373 735 3427 AEolidis.
764 3406 845 3416 --
872 3372 1167 3447 Cymoeorum

260 3458 563 3524 strigmenta.
592 3453 885 3523 Strigmenta
919 3468 1045 3507 sunt
1072 3455 1252 3510 sordes
1273 3497 1288 3524 ‚

263 3553 383 3604 qun
420 3553 483 3585 ex
516 3534 831 3586 athletarum
863 3534 1193 3606 aliorumque
1233 3538 1288 3588 in

264 3613 552 3684 gymnasiis
583 3632 638 3666 se
664 3614 1021 3666 exercentium
1055 3617 1293 3686 corpori-

263 3694 365 3746 bus
400 3692 826 3762 detergebantur.
869 3694 1007 3747 Plin.
1050 3693 1176 3756 XV,
1224 3701 1291 3760 43

265 3773 427 3827 babet
464 3778 745 3842 strigmenta
771 3774 880 3825 olei.
916 3771 1084 3825 Aldus
1110 3773 1291 3828 edide-

265 3865 348 3906 rat
365 3857 702 3924 gymnicorum
720 3865 997 3905 stramenta.
1032 3852 1140 3905 Sed
1171 3872 1295 3906 con-

267 3945 348 3986 tra
379 3951 569 3986 omnes
608 3933 765 3986 MSS.
802 3965 882 3975 -—
933 3935 1141 3985 Tantum
1180 3953 1293 3988 non.

269 4012 393 4065 Hoc
407 4012 666 4066 vocabula
680 4012 896 4083 Pighius
913 4032 975 4066 ex
994 4014 1148 4066 MSS.
1165 4014 1297 4065 omi·

271 4092 365 4157 sit,
406 4111 510 4145 nee
556 4092 716 4145 habet
751 4111 811 4145 ea
856 4092 941 4147 ed.
981 4106 1146 4146 vetus.
1189 4094 1294 4146 Alii

273 4184 518 4245 tanquam.
544 4172 705 4227 Multi
735 4171 927 4227 deinde
958 4178 1286 4245 assignarunt,

1374 2977 1475 3033 cit.
1508 2983 1817 3047 assignat-int.

1449 3058 1822 3111 2.Animi.vid.
1841 3060 2143 3124 Plin.V11,1
2160 3080 2208 3113 2.
2228 3062 2393 3116 Solin.

1374 3138 1446 3199 V,
1486 3137 1597 3189 haec
1625 3153 1804 3191 narrat
1829 3159 1841 3191 :
1885 3152 1904 3171 ¹
1936 3140 2170 3192 Piscator
2201 3141 2393 3194 siculus

1373 3219 1680 3286 proconsuli
1711 3218 1858 3272 Sura
1886 3231 2079 3290 praeter
2108 3221 2210 3274 alia
2234 3222 2392 3273 etiam

1374 3296 1512 3347 rictu
1527 3297 1636 3348 oris
1649 3300 2072 3368 comparabatur,
2088 3300 2158 3351 ita
2170 3313 2229 3352 ut
2239 3302 2296 3352 in
2310 3319 2396 3353 eo-

1376 3373 1498 3427 dem
1519 3377 1669 3428 vocis
1693 3376 2077 3448 impedimento
2106 3392 2159 3431 et
2181 3379 2397 3432 tardata

1376 3474 1536 3508 sonus
1566 3456 1758 3527 linguae
1802 3458 2131 3511 naturalibus
2166 3459 2397 3512 offendi·

1379 3536 1511 3587 culis
1538 3550 1907 3607 congruerent.
1934 3563 1956 3583 ι
1993 3538 2244 3590 Jocosum
2270 3558 2398 3591 vero

1379 3634 1691 3685 responsum
1710 3615 2011 3669 Macrobius
2029 3618 2085 3669 in
2105 3620 2399 3688 Augustum

1379 3696 1559 3748 refert.

1464 3776 1516 3827 3.
1545 3776 1757 3845 Rejecta.
1790 3776 1894 3829 Alii
1919 3794 1934 3829 ε
1967 3790 2170 3847 regesta.
2194 3777 2401 3831 Dic-itur

1381 3854 1524 3906 enim
1548 3873 1562 3907 τ
1591 3874 1801 3925 regerem
1822 3857 2062 3920 invidiam,
2085 3858 2271 3922 Quint.
2295 3859 2403 3923 XI,

1391 3953 1413 3986 1
1440 3974 1454 3998 ,
1484 3953 1550 3986 22
1568 3952 1585 3999 ς
1604 3939 1805 3997 crimen,
1824 3936 2003 3988 Senec.
2024 3935 2242 4007 Hippol.
2268 3939 2399 4006 718.

1383 4015 1801 4069 convenientior
1823 4028 1996 4067 autem
2016 4030 2091 4068 est
2106 4016 2306 4068 Valerii
2327 4015 2406 4068 di-

1381 4092 1538 4146 cendi
1566 4093 1727 4148 modo
1759 4094 2123 4168 paronomasia
2153 4114 2168 4148 z
2198 4099 2370 4167 rejecta
2387 4135 2400 4156 .

1380 4173 1610 4244 subjecto.
