3143 5204
829 488 925 559 86
1142 493 1592 561 VALERII
1648 491 2064 558 ΜΑΧΙΜΙ
2121 492 2312 559 LIB.
2370 492 2600 560 VIII.

822 649 1048 718 regem
1107 622 1570 692 debellandum
1634 619 1862 692 consul
1912 624 2197 691 venisset
2217 676 2236 710 ,
2284 636 2468 691 tanta
2523 648 2684 692 cura
2728 648 2954 718 graecae

820 728 1060 823 linguae
1105 732 1403 800 notitiam
1440 732 1660 798 animo
1698 727 2235 822 comprehendit,
2262 744 2339 797 ut
2378 754 2522 798 eam
2560 732 2625 797 in
2657 732 2948 825 quinque

822 835 1096 905 divisam
1140 861 1383 932 genera
1423 861 1543 931 per
1583 861 1812 906 omnes
1845 850 2064 929 partes
2100 860 2178 904 ac
2204 860 2515 904 numeros
2546 839 2810 930 penitus
2839 863 2951 906 co·

823 959 1212 1037 gnosceret:
1252 970 1398 1038 quae
1438 968 1542 1012 res
1562 972 1566 976 ·
1586 944 1944 1012 maximum
1983 944 2041 1011 ei
2076 944 2404 1012 sociorum
2447 967 2739 1012 amorem
2783 968 2954 1012 con-

822 1048 1067 1119 ciliavit
1090 1104 1110 1138 ,
1147 1074 1276 1144 qua
1318 1051 1464 1145 quis
1506 1074 1736 1118 eorum
1781 1047 2003 1143 lingua
2039 1049 2214 1143 apud
2256 1048 2546 1117 tribunal
2588 1048 2758 1119 illius
2804 1075 2956 1145 pos·

824 1155 1150 1225 tulaverat
1175 1209 1195 1243 ,
1231 1156 1461 1224 eadem
1505 1154 1772 1226 decreta
1806 1156 2121 1229 reddenti.

934 1287 1001 1358 7.
1032 1265 1136 1330 Ne
1163 1264 1440 1331 Roscius
1461 1261 1480 1286 ¹
1520 1262 1785 1357 quidem
1824 1263 2283 1350 subtrahatur,
2314 1264 2587 1331 scenicae
2620 1259 2963 1330 industria?

822 1368 1237 1437 notissimum
1268 1368 1643 1462 exemplum
1666 1423 1684 1456 ,
1716 1371 1830 1463 qui
1862 1367 2120 1437 nullum
2161 1394 2454 1464 unquam
2491 1370 2818 1463 spectanti
2853 1395 2966 1463 po-

825 1472 983 1569 pulo
1028 1489 1283 1569 gestum
1301 1529 1321 1563 ,
1375 1476 1497 1545 nisi
1534 1501 1732 1570 quem
1776 1475 1958 1544 domi
2010 1474 2362 1545 meditatus
2406 1476 2624 1545 fuerat
2643 1529 2662 1562 ,
2707 1500 2964 1569 ponere

824 1603 1022 1649 ausus
1058 1594 1195 1669 est;
1230 1597 1638 1678 quapropter
1673 1607 1808 1652 non
1849 1581 2101 1652 ludicra
2133 1607 2239 1651 ars
2272 1584 2586 1652 Roscium
2607 1637 2628 1670 ,
2665 1581 2783 1652 sed
2812 1584 2965 1652 Ro-

825 1688 999 1756 scius
1029 1685 1351 1758 ludicram
1392 1704 1601 1759 artem
1640 1689 2171 1776 commendavit3
2208 1713 2330 1758 nec
2357 1688 2541 1785 vulgi
2573 1703 2835 1758 tantum
2876 1689 2967 1757 fa·

825 1819 1100 1883 vorem,
1143 1822 1375 1865 verum
1428 1799 1626 1865 etiam
1671 1798 2041 1891 principum
2094 1794 2569 1865 familiaritates
2616 1792 2965 1890 amplexus

826 1916 947 1970 est.
988 1906 1147 1971 Haec
1183 1918 1340 1972 sunt
1373 1905 1643 1988 attenti,
1681 1919 1749 1972 et
1779 1905 1992 1989 anxii,
2021 1917 2089 1971 et
2114 1926 2455 1996 nunquam
2496 1903 2810 1972 cessantis
2839 1916 2970 1971 stu·

829 2007 920 2076 dii
965 2012 1273 2103 praemia3
1312 2025 1587 2105 propter
1620 2033 1767 2104 quae
1807 2024 2144 2077 tantorum
2172 2011 2468 2078 virorum
2503 2008 2809 2077 laudibus
2830 2034 2970 2077 non

826 2115 1245 2209 impudenter
1288 2141 1357 2186 se
1398 2141 1683 2211 persona
1724 2117 2059 2186 histrionis
2101 2118 2394 2185 inseruit.

1026 2293 1128 2344 DE
1170 2292 1475 2345 STUDIO
1517 2292 1619 2345 ET
1659 2250 2122 2345 IN‘ssUSTRIA
2161 2292 2759 2344 EXTERNORUM.

942 2465 998 2508 1.
1046 2443 1281 2509 Graeca
1317 2464 1581 2534 quoque
1622 2439 1942 2507 industria
1967 2492 1987 2526 ,
2033 2440 2344 2532 quoniam
2389 2452 2632 2507 nostrae
2677 2436 2965 2507 multum

824 2544 1109 2641 profuit,
1146 2572 1342 2642 quem
1383 2560 1678 2614 meretur
1722 2544 2011 2614 fructum
2033 2599 2052 2633 ,
2087 2543 2288 2614 latina
2323 2543 2548 2640 lingua
2593 2546 2870 2639 recipiat
2896 2543 2917 2568 ²
2947 2572 2964 2613 ε

823 2652 1349 2736 Demosthenes,
1379 2652 1567 2745 cujus
1605 2667 2125 2721 commemorato
2169 2655 2472 2739 nomine,
2509 2655 2812 2721 maximae
2841 2652 2969 2722 elo-

827 2761 1110 2851 quentiae
1150 2761 1632 2827 consummatio
1668 2757 1991 2827 audientis
2026 2761 2248 2827 animo
2280 2760 2614 2845 oboritur,
2640 2784 2850 2853 quum
2879 2761 2972 2828 in·

830 2878 933 2932 ter
969 2865 1149 2932 initia
1172 2865 1493 2958 juventae,
1534 2866 1727 2953 artiS,
1750 2890 1950 2959 quam
1980 2863 2368 2951 affectabat,
2392 2867 2674 2960 primam
2702 2864 2968 2935 literam

830 2970 1051 3039 dicere
1089 2997 1223 3039 non
1266 2986 1521 3065 posset,
1557 2974 1690 3040 oris
1727 2974 1826 3040 sui
1868 2973 2101 3040 vitium
2140 2987 2323 3041 tanto
2359 2971 2574 3040 studio
2614 2997 2968 3066 expugna·

832 3078 962 3163 vit,
997 3092 1075 3147 ut
1102 3103 1180 3146 ea
1209 3103 1248 3146 a
1272 3077 1454 3147 nullo
1484 3080 1851 3173 expressius
1879 3079 2229 3147 efferretur
2248 3078 2531 3166 ;·deinde
2560 3093 2839 3173 propter
2870 3082 2966 3148 ni·

828 3185 1033 3253 miam
1059 3184 1415 3254 exilitatem
1440 3185 1745 3253 acerbam
1771 3187 1998 3254 auditu
2026 3209 2470 3282 vocem'suam
2497 3187 2969 3255 exercitatione

831 3292 1147 3361 continua
1183 3291 1266 3360 ad
1291 3308 1625 3361 maturum
1662 3308 1727 3361 et
1756 3307 2016 3386 gratum
2052 3292 2321 3360 auribus
2355 3317 2589 3361 sonum
2621 3292 2968 3386 perduxit3

830 3396 1047 3467 lateris
1084 3400 1280 3466 etiam
1319 3399 1628 3482 firmitate
1666 3399 1990 3485 defectuS,
2035 3423 2198 3492 quas
2236 3400 2533 3494 corporis
2576 3399 2848 3468 habitus
2886 3405 2972 3469 vi-

828 3529 933 3573 res
962 3520 1352 3598 negaverat,
1381 3531 1420 3573 a
1449 3505 1675 3574 labore
1698 3519 2034 3574 mutuatus
2064 3519 2191 3590 est3
2217 3504 2461 3574 multos
2485 3506 2657 3573 enim
2692 3494 2969 3576 versus³

914 3706 958 3739 1.
983 3690 1198 3741 Roscius.
1219 3687 1347 3742 Vid.
1373 3690 1483 3743 Cic.
1504 3709 1603 3761 pro
1620 3691 1773 3742 Rosc.
1793 3702 1847 3741 et
1933 3689 2122 3760 recipit
2146 3690 2375 3742 fructum
2406 3689 2567 3742 latina
2595 3688 2776 3760 lingua
2793 3729 2808 3753 ,
2837 3689 2971 3743 dum

826 3767 1022 3821 Archia
1043 3780 1216 3839 poeta.
1245 3770 1462 3822 Roscius
1487 3789 1601 3821 eam
1625 3770 1846 3841 gloriam
1935 3769 2104 3822 Graeci
2136 3770 2312 3821 latinis
2341 3769 2516 3822 verbis
2545 3767 2856 3822 laudantur.
2894 3803 2973 3812 —

828 3861 1135 3919 assequutus
1182 3861 1260 3901 est
1283 3889 1298 3914 ,
1335 3863 1396 3902 ut
1436 3850 1742 3922 quicunque
1789 3850 1845 3901 in
1933 3848 2065 3902 Vid.
2092 3850 2202 3904 Cic.
2230 3848 2297 3901 de
2325 3849 2421 3901 Or.
2450 3849 2506 3913 1,
2530 3853 2562 3902 6
2579 3868 2626 3914 13
2651 3847 2720 3900 de
2738 3851 2866 3902 Div.
2890 3851 2971 3914 Π,

825 3926 1145 3981 histrionum
1174 3943 1317 3994 arte,
1346 3943 1436 3981 aut
1460 3930 1648 3992 simili,
1676 3930 1844 3982 excel·
1937 3934 2044 3995 463
2076 3930 2261 3994 Quint.
2297 3931 2321 3980 I
2339 3970 2353 3995 ,
2402 3949 2421 3981 1
2442 3948 2463 3981 1
2489 3967 2505 3993 ,
2541 3931 2606 3991 5;
2652 3930 2704 3979 X
2724 3967 2740 3992 ‚
2784 3929 2816 3981 3
2839 3969 2854 3993 ,
2896 3931 2965 3982 25

822 4007 984 4070 leret,
1012 4010 1231 4062 Roscius
1256 4008 1535 4063 diceretur.
1566 4007 1694 4061 vid.
1730 4003 1839 4063 Cic.
1933 4023 1986 4063 et
2016 4011 2087 4062 30
2111 4050 2126 4074 ,
2162 4021 2214 4061 et
2246 4010 2386 4080 plur.
2420 4009 2564 4060 locis.
2601 4009 2875 4061 Plutarch.
2912 4011 2970 4062 in

827 4085 893 4138 de
917 4087 1014 4139 Or.
1040 4089 1097 4153 1,
1127 4103 1178 4141 et
1202 4090 1399 4142 Festus.
1931 4092 2025 4146 vit.
2052 4090 2327 4142 Demosffi.
2356 4089 2467 4142 Cic.
2497 4087 2564 4140 de
2595 4089 2709 4140 Fin.
2735 4089 2786 4139 V
2810 4129 2825 4153 ,
2858 4110 2912 4140 τι.

897 4187 923 4220 a
934 4207 945 4219 .
959 4168 1188 4239 Recepiae.
1204 4168 1267 4222 Id
1283 4183 1384 4224 est:
1400 4190 1561 4241 graeca
1581 4169 1837 4224 industria
1985 4173 2013 4224 3
2025 4173 2239 4224 .Versus.
2256 4170 2370 4222 Hoc
2381 4170 2498 4223 loco
2510 4189 2616 4223 non
2630 4167 2968 4238 intelligendi
