3143 5204
327 558 328 565 ,
389 497 600 564 CAP.
658 496 885 581 XIV,
939 495 1077 562 DE
1134 496 1601 564 CUPIDIT.
1662 499 2114 566 GLORIAE.
2209 523 2332 568 121

472 679 577 731 nr„
620 656 1122 732 commui-E
1164 677 1493 732 onoma:
1533 678 1620 731 IN
1663 678 2093 734 EXTERNIS.

340 858 398 902 ι.
444 832 576 903 Sed
614 831 846 902 melius
874 831 1241 926 aliquanto,
1285 834 1340 902 si
1383 833 1751 902 imitatione
1794 833 2004 903 aliena
2046 837 2345 930 capieba-

223 954 364 1025 tur,
390 937 852 1008 Themistoclis
880 939 1185 1008 ardorem
1225 952 1396 1008 esset
1439 938 1783 1010 aemulatus
1804 939 1820 963 ¹

1844 967 1860 1009 :
1898 966 2092 1034 quem
2128 942 2353 1015 ferunt

224 1044 503 1115 stimulis
538 1047 861 1114 virtutum
896 1046 1251 1139 agitatum,
1287 1060 1356 1113 et
1387 1045 1475 1115 ob
1511 1045 1579 1114 id
1605 1061 1832 1116 noctes
1865 1048 2184 1142 inquietas
2211 1051 2347 1117 exi·

224 1166 487 1245 gentem
505 1205 524 1237 ,
552 1151 994 1246 quaerentibus
1008 1201 1029 1235 ,
1063 1144 1236 1246 quid
1253 1156 1355 1221 ita
1379 1177 1461 1221 eo
1488 1167 1791 1248 tempore
1816 1159 1889 1222 in
1901 1154 2181 1249 publico
2210 1179 2349 1224 ven-

221 1259 539 1327 sateaoe?
554 1257 967 1352 respondisse
983 1283 998 1325 :
1026 1259 1210 1348 Quia
1225 1282 1334 1327 me
1348 1273 1619 1354 tropaea
1637 1260 1980 1329 Miltazda
2000 1261 2087 1341 de
2109 1285 2347 1331 somno

221 1369 550 1434 excz'tant.
600 1364 957 1434 Marathon
975 1359 996 1387 ²
1050 1364 1360 1433 nimirum
1405 1366 1699 1435 animum
1754 1367 1893 1461 ejus
1937 1367 2023 1436 ad
2064 1369 2346 1438 Artemi-

223 1472 428 1555 sium,
477 1485 547 1541 et
590 1469 965 1553 Salamina,
997 1469 1248 1540 navalis
1295 1470 1518 1565 gloriae
1555 1471 1792 1541 fertilia
1841 1475 2148 1561 nomina,
2194 1473 2348 1543 inu-⁹

222 1576 490 1646 stranda
537 1578 752 1665 tacitis
801 1576 1054 1646 facibus
1100 1577 1433 1647 incitabat.
1481 1576 1669 1647 Idem
1713 1579 2046 1649 theatrum
2091 1596 2351 1675 petens,

223 1708 423 1776 quum
466 1684 1021 1778 interrogaretur,
1061 1683 1254 1775 cujus
1292 1707 1440 1754 vox
1479 1685 1721 1755 auditu
1759 1687 1867 1756 illi
1871 1687 2140 1780 futura
2174 1704 2357 1756 esset

217 1791 666 1881 gratissima?
681 1790 878 1860 dixit:
897 1789 1099 1883 Ejus,
1122 1814 1173 1859 a
1184 1813 1322 1884 quo
1341 1807 1528 1861 anes
1543 1816 1717 1861 meae
1732 1810 2067 1864 canentur
2082 1799 2349 1891 optzssme
2384 1877 2398 1889 ·

225 1894 660 1967 Dulcedinem
704 1895 927 1991 gloriae
969 1922 1154 1991 paene
1189 1896 1431 1990 adjecit
1471 1884 1869 1993 gloriosam³
1874 1953 1887 1967 .

327 2028 394 2072 2.
432 2005 582 2072 Jam
621 2002 976 2073 Alexandri
1013 2016 1245 2098 pectus
1285 2004 1653 2074 insatiabile
1695 1994 1943 2076 laudis⁴
1969 2059 1988 2092 ,
2028 2008 2140 2101 qui
2176 2010 2350 2075 Ana·

225 2109 470 2178 xarcho
508 2111 734 2179 comiti
771 2135 892 2179 suo
912 2163 930 2196 ,
969 2135 1052 2180 ex
1088 2111 1481 2181 auctoritate
1516 2114 1884 2181 Democriti
1928 2117 2351 2208 praeceptoris

223 2215 730 2285 innumerabiles
779 2215 1065 2286 mundos
1115 2242 1255 2286 esse
1306 2217 1654 2305 referenti,
1710 2222 1870 2288 Ηειι
1912 2244 2057 2304 me,
2103 2221 2349 2314 inquit,

224 2315 569 2406 malfet-um,
615 2322 808 2416 quod
835 2347 922 2392 ne
959 2347 1096 2392 uno
1129 2324 1399 2455 ᾳιαᾶεζη
1438 2324 1667 2393 adlmc
1687 2331 1958 2419 potetas
1996 2350 2181 2393 sum.
2174 2322 2193 2375 7
2223 2330 2352 2394 An-

225 2443 415 2520 gusta
442 2429 701 2499 homini
729 2430 1053 2524 possessio
1081 2416 1343 2525 gloriae⁵
1372 2430 1529 2519 fuit,
1562 2456 1709 2525 quae
1743 2430 2019 2501 deorum
2056 2432 2349 2519 omnium

225 2532 554 2606 domicilio
597 2534 859 2607 sufficit.

306 2756 354 2790 ι.
384 2736 535 2790 Esset
563 2739 828 2791 aemulatus.
857 2737 987 2791 vid.
1019 2739 1160 2791 Plut.
1188 2738 1244 2790 in

225 2835 271 2868 v.
287 2816 440 2881 ;Cic.
463 2837 519 2889 p.
536 2818 697 2871 Arch.
713 2817 945 2882 ;AElian.
964 2818 1126 2885 XIII,
1152 2817 1242 2881 43.

224 2896 445 2968 Tropaea
475 2896 732 2951 Miltiadis
760 2917 882 2951 eum
913 2896 982 2952 ad
1022 2898 1244 2952 similem

223 2974 429 3032 laudem
450 2977 737 3050 petendam
763 2978 1075 3032 excitabant.
1100 2979 1246 3031 Arte-

228 3059 436 3120 misiam,
506 3058 721 3111 Euboeae
782 3058 1244 3129 promontorium,

227 3155 396 3208 pugna
464 3138 638 3191 navali
696 3139 1034 3192 nobilitatum
1061 3179 1077 3204 ,
1141 3157 1245 3210 qua

226 3215 421 3270 Xerxes
455 3218 668 3289 fugatus
699 3232 778 3271 est
805 3218 908 3284 ita,
941 3230 1001 3272 ut
1034 3238 1090 3272 se
1115 3223 1245 3272 con·

225 3309 487 3350 servatum
507 3318 539 3351 a
559 3298 910 3352 Themistocle
935 3311 1162 3370 putaret.

243 3443 250 3448 .
303 3396 357 3430 2.
391 3377 657 3430 Marathon
674 3418 687 3431 .
705 3418 718 3431 .
738 3418 751 3431 .
775 3379 845 3430 ad
864 3381 1173 3433 Artemisium
1198 3391 1247 3430 et

226 3455 473 3509 Satanan
484 3496 497 3508 .
505 3497 539 3510 ..
555 3458 801 3512 incitabat.
821 3459 903 3512 Ita
914 3471 1113 3512 textum
1124 3477 1246 3511 eon·

225 3536 392 3590 stituit
410 3537 747 3603 Perizonius,
763 3542 913 3609 cujus
930 3536 1248 3591 emendatio·

226 3634 342 3669 nem
349 3618 590 3690 recipere
601 3619 827 3672 Torren.
844 3637 954 3672 non
966 3616 1244 3672 dubitavit.

226 3694 478 3751 Miltiadis
499 3710 699 3769 tropaea
719 3697 1015 3752 excitabant
1034 3697 1247 3750 Themi-

227 3778 437 3830 stoclem
450 3818 467 3843 ,
486 3776 553 3831 ad
567 3797 686 3850 quae
702 3777 977 3832 referenda
990 3790 1067 3830 est
1084 3777 1246 3831 victo·

229 3855 300 3907 ria
319 3857 577 3911 Miltiadis
586 3857 655 3911 de
670 3858 840 3912 Persis
852 3857 918 3911 ad
933 3859 1242 3911 Marathona.

227 3934 324 3989 Sed
347 3937 660 3991 Artemisiam
673 3952 726 3990 et
742 3939 954 3992 Salamis
971 3956 1079 3990 non
1098 3949 1248 3990 erant

230 4027 421 4088 tropa
458 4017 747 4082 Miltiadis,
785 4037 903 4088 quai
946 4018 1246 4072 Themisto·

230 4095 356 4148 clem
391 4096 621 4151 excitare
646 4110 919 4170 poterant,
950 4099 1114 4152 immo
1138 4098 1247 4170 ipse

231 4173 337 4228 baec
373 4177 488 4230 loca
527 4177 767 4232 victoriis
807 4179 912 4233 suis
950 4180 1245 4233 illustravit.

1333 2738 1472 2791 Hinc
1494 2751 1639 2810 patet
1653 2776 1671 2805 ,
1690 2739 1865 2810 Pighii
1889 2740 2171 2794 lectionem
2187 2741 2357 2793 Mara·

1335 2819 1447 2870 elion
1466 2859 1479 2872 .
1498 2859 1510 2871 .
1529 2860 1542 2872 .
1565 2833 1614 2870 et
1638 2820 1948 2873 Artemisium
1981 2833 2027 2872 et
2052 2821 2262 2874 Salamis
2277 2863 2288 2874 .
2310 2863 2320 2873 .
2342 2862 2355 2875 .

1333 2898 1601 2950 incitabant
1633 2912 1769 2953 stare
1804 2919 1913 2952 non
1954 2920 2123 2972 posse.
2155 2900 2355 2953 Omnes

1332 2978 1456 3030 libri
1498 2992 1748 3049 praeterea
1782 2980 1981 3033 hahent
2009 2981 2257 3034 Salamina
2297 2981 2352 3034 in

1332 3073 1521 3129 quarto
1545 3059 1666 3112 casu
1685 3098 1701 3126 ,
1723 3078 1833 3112 non
1858 3059 2085 3136 Salamis.

1415 3139 1469 3191 3.
1498 3138 1788 3193 Gloriosam.
1815 3140 1997 3193 Plures
2027 3141 2117 3194 hic
2140 3152 2352 3193 senten·

1332 3217 1514 3271 tiolam
1553 3232 1608 3272 et
1650 3219 2005 3292 epiphonema
2043 3220 2321 3274 inveniunt
2338 3263 2353 3286 ,

1332 3297 1501 3369 legere
1516 3299 1822 3369 cupientes:
1848 3299 2139 3352 dulcedinem
2160 3302 2348 3371 glorier,

1325 3397 1465 3448 poene
1481 3379 1637 3449 adjeci
1644 3414 1658 3435 ,
1684 3381 1973 3448 gloriosam!
1993 3380 2164 3451 Magis
2187 3382 2356 3451 placet

1333 3458 1533 3529 Kappii
1556 3458 1867 3530 explicatio:
1901 3477 2048 3529 paine
2070 3460 2191 3532 plus
2213 3463 2355 3531 justo

1335 3536 1524 3591 tribuit
1552 3537 1735 3609 gloriae
1760 3556 1893 3604 suae,
1914 3540 2075 3610 paulo
2106 3558 2353 3610 arrogan-

1332 3617 1437 3671 tius
1451 3616 1519 3670 de
1531 3618 1692 3671 rebus
1704 3616 1811 3670 suis
1827 3618 2242 3690 gestisloquutus
2259 3632 2353 3673 est.

1416 3704 1446 3760 4
1460 3738 1473 3751 .
1490 3697 1688 3750 Laudis.
1705 3698 1844 3751 Plut.
1860 3697 1928 3751 de
1941 3699 2138 3771 Tranq.
2157 3699 2318 3751 animi
2335 3717 2351 3765 3

1333 3778 1650 3843 AElian.1V,
1683 3797 1789 3847 ²93
1819 3778 2062 3833 Juvenal.
2096 3779 2237 3832 satir.
2269 3781 2354 3844 X,

1343 3863 1445 3912 161
1462 3900 1473 3912 .

1393 3938 1468 4001 ,5.
1508 3939 1709 3992 Glorioe.
1738 3938 1886 3991 Hanc
1917 3956 2099 3992 vocem
2130 3956 2157 3989 a
2190 3938 2356 4008 glossa

1333 4018 1602 4090 irrepsisse
1636 4038 1742 4071 non
1777 4017 2022 4071 dubitant
2050 4018 2357 4071 Perizonius

1334 4110 1388 4151 et
1408 4099 1699 4152 Torrenius
1715 4139 1730 4166 ,
1752 4097 1897 4170 quod
1921 4110 2092 4150 tamen
2113 4097 2356 4171 Kappius

1336 4178 1475 4231 haud
1503 4178 1712 4249 probat.
