3143 5204
330 479 537 546 CAP.
598 478 792 561 vll,
850 477 984 545 DE
1039 477 1468 544 TESTAM.
1529 446 2052 546 REsclssls
2196 484 2295 574 49

193 608 503 704 republica
538 609 1033 702 absumpserat,
1062 611 1381 677 maximos
1422 608 1680 678 labores
1711 624 1777 679 et
1810 610 2092 704 plurima
2127 616 2296 707 peri—

190 716 317 784 cula
356 714 781 802 toleraverat,
811 715 1088 785 adverso
1123 740 1403 810 corpore
1442 734 1749 810 exceptas
1785 717 2173 787 ostendebat
2208 722 2298 788 ci—

188 824 478 908 catriceS,
518 838 587 892 et
630 820 1051 917 postulabat,
1098 845 1185 889 ne
1227 827 1446 891 avitos
1487 823 1633 914 ejus
1675 824 1857 891 lares
1898 830 2124 893 otiosa
2149 833 2306 920 (psi

187 928 323 996 urbi
347 953 563 997 onera
577 928 1034 1025 possiderent.
1067 931 1300 1022 Itaque
1330 928 1642 1024 depositis
1672 932 1873 999 armis
1902 946 2172 999 coactus
2201 948 2302 1001 est

190 1035 246 1101 in
282 1034 424 1103 foro
465 1033 799 1131 togatam¹
841 1034 1093 1129 ingredi
1142 1033 1455 1103 militiam.
1511 1037 1787 1105 Acerbe.
1829 1039 2001 1105 Cum
2054 1038 2299 1132 impro-
2343 1126 2346 1129 Α

190 1141 447 1210 bissimis
490 1144 667 1210 enim
707 1141 1060 1210 heredibus
1097 1137 1178 1209 de
1214 1144 1505 1236 paternis
1544 1140 1737 1211 bonis
1772 1142 1950 1237 apud
1997 1158 2296 1274 cen3tum-

190 1249 346 1317 viros
369 1246 816 1335 ’contendit3
866 1248 1299 1341 omnibusque
1351 1273 1488 1316 non
1540 1246 1754 1318 solum
1801 1234 2126 1319 consiliis³
2133 1303 2151 1336 ‚
2187 1250 2302 1319 sed

189 1356 359 1422 etiam
401 1356 780 1438 sententiiS,
817 1355 1116 1492 superior
1157 1354 1467 1424 discessit.

282 1486 343 1530 2.
385 1462 560 1530 Item
594 1464 689 1531 Μ.
726 1449 1017 1530 Anneii⁴
1056 1459 1474 1547 Carseolani,
1515 1459 2025 1555 splendidissimi
2066 1464 2303 1556 equitis

189 1571 458 1655 romani,
489 1566 694 1654 filius,
726 1592 766 1635 a
803 1566 1112 1636 Sufenate
1154 1566 1484 1636 avunculo
1523 1593 1644 1636 suo
1688 1567 2071 1662 adoptatus,
2105 1583 2300 1637 testa·

192 1690 466 1743 mentum
511 1672 826 1743 naturalis
860 1675 1099 1769 patris,
1132 1698 1266 1766 quo
1305 1676 1674 1769 praeteritus
1719 1688 1899 1760 erat,
1931 1675 2110 1769 apud
2148 1700 2303 1744 cen-

194 1783 490 1849 tumviros
527 1779 826 1865 rescidit,
865 1805 1068 1872 quum
1106 1782 1173 1846 in
1211 1804 1291 1848 eo
1329 1779 1713 1864 Tullianus,
1743 1783 2037 1875 Pompeii
2072 1783 2304 1877 Magni

192 1884 500 1955 familiaris
523 1888 723 1981 ,ipso
750 1885 1014 1979 quidem
1044 1887 1360 1979 Pompeio
1397 1888 1764 1980 signatore,
1793 1885 1985 1955 heres
2021 1890 2302 1993 scriptus

192 2007 370 2079 esset3
410 1994 632 2086 itaque
675 1990 823 2087 plus
865 1990 957 2059 illi
1004 1993 1071 2059 in
1107 1990 1357 2084 judicio
1406 2017 1556 2062 cum
1609 1990 2130 2062 excellentissimi
2179 1997 2302 2062 viri

193 2102 629 2194 gratia,quam
661 2123 811 2167 cum
842 2099 1132 2193 parentis
1165 2098 1492 2167 cineribus
1523 2100 1767 2192 negotii
1800 2097 1957 2166 fuit:
1990 2114 2300 2169 caetcrum

191 2207 463 2298 quamvis
518 2220 798 2298 utraque
846 2204 987 2273 haec
1043 2202 1357 2273 adversus
1416 2229 1567 2272 eum
1613 2204 2032 2291 nitebantur,
2081 2221 2302 2275 tamen

191 2327 439 2404 paterna
476 2312 653 2381 bona
688 2311 1011 2397 obtinuit;
1051 2334 1204 2377 nam
1233 2313 1308 2379 L.
1342 2309 1607 2404 quidem
1641 2308 1943 2378 Sextilius
1974 2325 2048 2377 et
2066 2313 2136 2379 P.
2167 2315 2302 2380 Po-

1278 2502 1589 2571 n'liajudicia
1607 2502 1816 2573 duplicia
1833 2515 2002 2564 vocat,
2019 2500 2160 2554 unde
2171 2500 2301 2555 Ges·

1274 2600 1434 2635 nerus
1481 2582 1663 2635 statuit
1705 2581 1966 2653 judicium
2007 2584 2301 2636 centumvi-

1274 2663 1383 2714 rale
1424 2681 1810 2734 nonnunquam
1854 2668 1902 2714 in
1942 2663 2062 2713 duas
2105 2676 2296 2732 partes,

1273 2761 1497 2812 quarum
1513 2762 1840 2814 unaquoeque
1848 2744 2032 2793 hastam
2041 2744 2140 2795 sibi
2152 2762 2300 2795 suam

1273 2822 1494 2874 haberet
1524 2822 1850 2875 auctoritatis
1889 2823 2095 2892 signum
2115 2864 2130 2888 ,
2161 2822 2298 2875 divi-

264 2525 307 2558 ι.
352 2508 609 2578 Togatam.
648 2502 1092 2576 Disceptationem
1136 2514 1190 2555 et

190 2587 605 2650 controversiam,
632 2597 692 2638 ut
717 2584 773 2637 in
804 2584 925 2636 foro
945 2581 1085 2654 apud
1104 2585 1189 2655 ju-

191 2663 310 2720 dica
331 2667 399 2721 de
425 2667 661 2739 paternis
686 2667 839 2718 bonis
866 2663 1082 2716 diceret.

259 2767 303 2800 ι.
333 2748 674 2800 Centumviros.
711 2747 837 2797 Erat
862 2745 1190 2795 centumvirale

184 2828 415 2893 judicium,
465 2827 554 2879 cui
600 2827 738 2878 inter
778 2825 878 2878 alia
924 2823 1189 2894 praecipue

194 2907 535 2960 controversiae
556 2905 625 2958 de
641 2903 1023 2958 hereditatibus
1042 2902 1188 2954 defe-

193 2987 432 3040 rebantur.
456 2988 537 3039 Ex
553 2986 763 3038 XXXV
780 2984 1043 3046 tribubus,
1058 2995 1188 3054 quot

195 3083 354 3138 nempe
367 3079 518 3119 erant
538 3067 592 3118 in
610 3067 759 3129 urbe,
769 3064 910 3116 terni
924 3063 1188 3133 eligeban-

1274 2921 1389 2954 sum
1412 2920 1538 2954 esse.
1569 2902 1762 2954 Sensus
1787 2903 2166 2954 autemValerii
2195 2916 2299 2966 est,

1275 2983 1495 3034 militem
1520 3001 1630 3034 non
1645 2980 1807 3034 modo
1821 3000 1884 3033 ex
1903 2974 2157 3035 sententia
2177 3003 2298 3055 qua-

1276 3075 1384 3113 tuor
1400 3058 1718 3131 judiciorum,
1752 3059 1845 3114 sed
1875 3062 2032 3113 etiam
2065 3063 2297 3134 singulo·

1272 3161 1393 3194 rum
1416 3139 1658 3212 judicum
1693 3141 2021 3193 unanimium
2059 3143 2297 3213 superio·

1274 3240 1385 3273 rem
1413 3219 1723 3273 discessisse.

1355 3308 1406 3364 4.
1449 3301 1646 3352 Αηηείἰ.
1689 3302 1885 3353 Forsan
1927 3301 2131 3353 Annius
2163 3302 2295 3365 fuit,

1273 3379 1341 3432 de
1372 3399 1479 3451 quo
1499 3381 1608 3432 Cic.
1642 3379 1709 3432 ad
1742 3383 1849 3432 Ati.
1873 3378 1946 3444 V,
1981 3388 2034 3444 4.
2053 3412 2132 3422 -—·
2160 3383 2297 3432 Proe·

1275 3463 1455 3512 teritus.
1486 3460 1642 3513 Pater
1670 3479 1793 3513 eum
1824 3472 2138 3512 testamento
2167 3481 2298 3532 srm-

1273 3541 1509 3602 terierat‚
1551 3541 1671 3611 quia
1727 3541 1781 3592 in
1836 3539 1990 3592 aliam
2042 3540 2292 3592 familiam

1273 3620 1565 3673 transierat.
1614 3653 1693 3664 —-
1739 3621 1964 3672 Rescidit.
2011 3619 2295 3685 Quomodo

1273 3701 1347 3752 Μ.
1370 3700 1558 3753 Anneii
1581 3699 1720 3751 filius
1745 3713 2112 3752 testamentum
2131 3701 2295 3770 patris

1273 3779 1573 3832 rescindere
1585 3782 1819 3851 potuerit
1835 3820 1849 3847 ,
1861 3781 2060 3851 optime
2076 3781 2297 3850 explicat

1275 3860 1648 3930 SchultingiuS.
1683 3893 1762 3902 —
1798 3860 2070 3928 Signatore.
2112 3860 2295 3912 Testa-

1274 3954 1450 3992 menta
1477 3953 1677 4010 septem
1708 3941 1924 3992 testibus
1951 3940 2295 4010 praesentibus

1274 4018 1657 4086 condebantur,
1679 4033 1729 4072 et
1751 4038 1935 4071 eorum
1959 4021 2178 4089 quisque
2204 4038 2296 4071 an·

199 4116 403 4168 apparet.
437 4104 659 4170 Quintil.
687 4117 861 4155 tamen
898 4120 957 4153 ea
984 4105 1034 4152 in
1069 4101 1189 4152 duas
1277 4101 1403 4151 nulo
1435 4119 1588 4151 suum
1617 4101 1822 4170 signum
1859 4111 2169 4151 testamento
2208 4100 2301 4152 im·

201 4178 338 4230 hastas
364 4182 524 4236 divisa
556 4202 666 4236 esse
702 4182 800 4246 ait,
838 4194 889 4233 et
927 4185 1185 4233 centumvi-
1277 4181 1553 4252 primebat.

292 4267 379 4333 ll.
1542 4263 1549 4278 ·
1891 4264 1932 4346 l.

196 3156 263 3197 tur
275 3166 337 3198 ex
354 3164 674 3217 unaquaque
691 3141 891 3214 judices
905 3182 921 3205 ‚
940 3155 992 3195 et
1012 3161 1190 3213 quam·

194 3225 255 3276 vis
274 3226 447 3296 plures
472 3238 672 3287 essent,
699 3236 881 3276 centum
909 3235 1079 3274 tamen
1107 3227 1186 3273 vi-

195 3323 323 3357 rorum
345 3325 544 3359 nomen
576 3306 926 3370 retinuerunt.
960 3303 1188 3355 Praeerat

195 3400 358 3453 [πεποι-
387 3388 621 3439 urbanus
640 3422 656 3447 ,
685 3384 776 3455 qui
810 3384 1008 3435 hastam
1040 3395 1186 3435 tene-

195 3463 278 3532 hat,
289 3468 613 3537 precipuum
623 3462 947 3536 judiciorum
962 3462 1185 3533 signum,

196 3556 241 3595 ut
260 3547 326 3598 ait
353 3547 533 3599 Festus
562 3545 861 3615 Pompeius.
884 3539 1043 3593 Unde
1062 3561 1186 3594 cen·

196 3627 456 3679 tumviralis
470 3627 616 3678 hasta
634 3624 825 3694 legitur
842 3623 897 3673 in
914 3622 1183 3673 Suetonio.

198 3702 301 3758 Vid.
324 3707 456 3758 Plin.
489 3707 584 3758 lib.
609 3707 667 3766 1,
694 3724 779 3776 ep.
813 3704 842 3754 5
864 3741 878 3763 ,
913 3697 942 3761 S
976 3708 1026 3764 4.

262 3785 308 3836 3.
351 3787 584 3839 Omnibus
627 3804 721 3835 non
767 3784 917 3834 solum
957 3783 1184 3832 consiliis.

202 3860 385 3916 Consilia
400 3867 646 3918 Valerius
661 3864 900 3915 nominat
914 3880 1031 3932 quoe
1049 3861 1185 3913 Plin.

198 3952 242 3991 et
259 3942 467 4008 Quintil.
490 3947 683 4015 judicia
703 3956 893 3994 vocant
911 3981 926 4005 ,
959 3960 1187 4012 quorum

199 4026 437 4088 quaeum-in
453 4045 560 4077 uuo
573 4026 693 4076 loco
709 4034 1017 4092 congregata
1032 4021 1190 4073 fuisse
