3143 5204
566 517 780 587 CAP.
856 520 969 604 ιι,
1022 517 1159 584 DE
1215 518 1986 588 CRUDELITATE.
2192 520 2330 606 145

224 650 433 745 genda
477 642 750 717 curavit.
797 650 1102 736 Quatuor
1144 646 1344 716 millia
1389 663 1456 717 et
1490 650 1939 744 septingentos
1982 652 2138 721 dirae
2181 679 2336 748 pro-

223 758 598 851 scriptionis
651 754 866 824 edicto
912 751 1244 848 jugulatos
1297 756 1366 822 in
1420 753 1678 824 tabulas
1721 755 2016 849 publicas
2060 760 2333 830 retulit:

222 862 525 932 videlicet
572 887 655 931 ne
695 863 1009 930 memoria
1055 874 1189 928 tam
1235 859 1563 954 praeclarae
1607 864 1697 929 rei
1737 861 2172 952 dilueretur¹;
2213 892 2334 937 nec

224 983 575 1038 contentus
628 970 694 1036 in
749 992 861 1036 eos
918 969 1182 1053 saevire,
1236 968 1346 1060 qui
1402 969 1600 1037 armis
1652 992 1691 1035 a
1741 992 1809 1037 se
1859 970 2297 1041 dissenserant
2323 1029 2343 1060 ‚

223 1076 418 1143 etiam
446 1076 648 1168 quieti
675 1075 876 1142 animi
904 1074 1113 1159 cives,
1150 1088 1422 1167 propter
1460 1076 1755 1167 pecuniae
1791 1078 2338 1170 magnitudinem,

222 1205 338 1274 per
383 1179 942 1249 nomenclatorem
962 1177 982 1202 ²
1028 1180 1464 1272 conquisitOS‚
1506 1182 2024 1274 proscriptorum
2061 1209 2339 1256 numero

223 1287 496 1380 adjecit3
519 1286 832 1355 adversus
856 1283 1160 1354 mulieres
1187 1310 1448 1379 quoque
1476 1284 1726 1380 gladios
1753 1287 2128 1378 destrinxit,
2158 1294 2343 1385 quasi

225 1417 460 1486 parum
515 1392 801 1462 caedibus
837 1394 1130 1461 virorum
1176 1394 1482 1461 satiatus.
1515 1392 1586 1460 id
1633 1417 1895 1487 quoque
1932 1395 2343 1492 inexplebilis

223 1498 501 1568 feritatis
552 1498 870 1567 indicium
913 1512 1028 1567 est.
1075 1498 1377 1568 Abscissa
1415 1500 1809 1568 miserorum
1848 1503 2102 1596 capita,
2113 1505 2345 1633 ³modo

225 1629 359 1673 non
388 1603 648 1674 vultum
684 1630 762 1674 ac
794 1606 1096 1700 spiritum
1135 1606 1516 1691 retinentia,
1546 1607 1615 1674 in
1648 1623 2076 1702 conspectum
2113 1594 2345 1680 ³suum

225 1711 451 1779 afferri
483 1710 732 1799 voluit,
769 1726 845 1780 ut
873 1709 1080 1780 oculis
1110 1709 1254 1798 illa,
1297 1711 1451 1829 quia
1480 1737 1595 1781 ore
1629 1712 1812 1782 nefas
1852 1729 2031 1802 erat,
2070 1717 2343 1786 mande·

227 1832 341 1885 ret.
365 1819 592 1937 Quam
619 1842 819 1911 porro
849 1815 1202 1886 crudeliter
1227 1819 1386 1886 sein
1410 1820 1507 1886 M.
1533 1821 1752 1887 Mario
1778 1835 2058 1914 praetore
2076 1808 2343 1918 “gessit!

225 1949 422 2017 quem
467 1949 588 2017 per
630 1948 748 1992 ora
790 1922 970 2017 vulgi
1017 1922 1101 1993 ad
1152 1909 1573 2043 sepulcrum⁵
1617 1926 1896 1996 Lutatiae
1936 1930 2148 2021 gentis
2191 1955 2346 2023 per-

227 2044 556 2115 tractum,
604 2055 739 2098 non
784 2032 966 2124 prius
1002 2032 1138 2097 vita
1184 2030 1505 2147 privavit,
1554 2056 1755 2124 quam
1801 2031 2028 2103 oculos
2072 2034 2351 2106 infelicis

227 2151 523 2223 erueret,
554 2151 620 2204 et
646 2134 934 2229 singulas
966 2138 1262 2233 corpoiis
1294 2150 1513 2230 partes
1542 2136 2004 2233 confringeret.
2033 2142 2163 2209 Vix
2187 2142 2348 2211 mihi

229 2190 605 2311 verisimilia
648 2266 916 2310 narrare
966 2241 1212 2311 videor.
1258 2245 1346 2310 At
1397 2241 1505 2311 ille
1552 2244 1749 2318 etiam
1792 2247 1886 2314 M.
1932 2243 2306 2317 Plaetorium
2331 2301 2350 2335 ‚

228 2348 402 2441 quod
443 2347 530 2415 ad
562 2348 700 2441 ejus
735 2346 1126 2443 supplicium
1165 2349 1480 2416 exanimis
1514 2334 1878 2437 ceciderat,
1913 2353 2231 2422 continuo
2264 2354 2353 2425 ibi

230 2456 577 2542 mactavit3
613 2479 824 2522 novus
857 2456 1125 2548 punitor
1160 2454 1621 2523 misericordiae
1642 2509 1661 2543 ‚
1691 2455 1867 2549 apud
1899 2481 2094 2550 quem
2125 2460 2352 2554 iniquo

231 2563 457 2631 animo
497 2559 708 2631 scelus
750 2562 1024 2647 intueri,
1068 2558 1278 2631 scelus
1323 2559 1671 2630 admittere
1709 2560 1851 2631 fuit.
1892 2563 2020 2632 Sed
2057 2580 2350 2634 mortuo·

230 2693 373 2737 rum
430 2667 683 2738 umbris
737 2665 964 2735 saltem
1017 2666 1353 2762 pepercit?
1412 2670 1718 2756 minime;
1772 2693 1925 2737 nam
1986 2673 2061 2744 G.
2117 2674 2352 2757 Marii,

314 2918 335 2951 ι
351 2939 365 2951 .
380 2899 675 2950 Dilueretur.
694 2898 797 2950 Bit.
821 2897 977 2968 prim.
1004 2897 1249 2949 delet-etur.

1351 2899 1448 2962 183
1479 2898 1673 2950 Lucan.
1693 2899 1765 2964 11,
1796 2901 1927 2970 1753
1951 2903 2103 2956 Oros.
2130 2905 2231 2970 ΙΙΙ,
2252 2925 2351 2970 ²13

234 2978 539 3031 Perizonius
554 2977 771 3047 conjicit
780 2977 1093 3037 dilaberetur,
1111 2974 1251 3046 quod

1342 2977 1451 3029 Cic.
1482 2975 1550 3029 de
1571 2977 1694 3048 Leg.
1726 2980 1811 3044 11;
1839 2993 1893 3032 et
1922 2980 2224 3036 Sallustium
2253 3005 2352 3038 no·
2388 3010 2393 3014 ¹

233 3057 494 3110 Torrenio
522 3057 647 3109 satis
672 3055 887 3110 arridet.

312 3157 363 3190 2.
407 3137 834 3190 Nomenclatorem.
875 3136 1250 3188 Nomenclator

233 3214 452 3282 dicitur,
481 3216 574 3287 qui
595 3216 809 3267 nomina
831 3215 1029 3268 civium
1047 3229 1246 3279 tenens,

233 3315 287 3348 ea
313 3295 650 3370 principibus
669 3313 765 3366 per
790 3296 978 3347 urbem
1002 3293 1248 3347 inceden-

234 3377 369 3429 tibus
401 3373 535 3437 (aut
578 3375 987 3445 imperatoribus
1020 3374 1249 3427 militum

234 3452 469 3517 nomina)
477 3501 478 3504 ,
485 3456 602 3527 subj
609 3453 794 3507 iciebat
807 3492 823 3519 ‚
833 3466 895 3506 ut
905 3471 1251 3524 unumquem-

234 3555 332 3606 que
342 3535 661 3587 nominatim
679 3534 979 3586 salutarent.
998 3533 1094 3585 His
1109 3533 1249 3585 enim

235 3616 431 3668 artibus
475 3614 739 3686 principes
783 3613 980 3666 civium
1033 3613 1250 3683 gratiam

236 3695 368 3747 inire
387 3692 685 3748 studebant.

315 3776 365 3827 3.
407 3774 576 3827 Suum.
614 3773 675 3824 E.
712 3792 755 3825 c.
793 3771 1077 3843 Scipionis,
1114 3772 1251 3825 Nor-

236 3854 355 3905 bani
396 3854 728 3923 aliorumque
760 3852 1049 3904 multorum
1090 3848 1158 3904 ad
1198 3870 1254 3903 se

240 3931 406 3985 delata
435 3934 609 4003 capita
639 3933 696 3983 in
718 3934 828 4001 ejus
854 3932 989 3984 atrio
1009 3930 1160 4001 jussit
1178 3930 1253 3982 af-

1340 3069 1462 3108 stroe
1488 3056 1857 3123 Collectionis,
1886 3079 2002 3133 pag
2032 3066 2173 3117 118.

1420 3134 1469 3186 5.
1496 3135 1788 3206 Sepulcrum.
1819 3134 1993 3192 Catuli
2018 3147 2226 3216 nepotis
2249 3150 2347 3201 sui.

1337 3215 1585 3279 Curavit,
1632 3229 1690 3269 ut
1729 3236 1827 3287 per
1872 3219 2072 3291 singula
2115 3229 2349 3281 membra

1337 3307 1647 3346 moreretur.
1701 3297 1831 3350 Fere
1877 3317 2058 3354 omnes
2098 3315 2351 3375 tyrannos
2378 3363 2389 3374 ,

1337 3373 1644 3426 crudelitate
1652 3393 1918 3446 superasse
1925 3392 1977 3431 et
1984 3400 2195 3437 omnem
2205 3405 2354 3457 pror·

1337 3471 1423 3505 sus
1464 3454 1842 3508 humanitatem
1883 3459 2083 3514 exuisse
2124 3462 2348 3520 videtur.

1338 3532 1538 3586 Marius
1566 3547 1741 3587 tamen
1763 3536 2013 3592 leviorem
2038 3541 2174 3596 hanc
2195 3545 2353 3598 Sulla.-

1339 3612 1558 3666 feritatis
1603 3613 1859 3668 invidiam
1905 3637 1997 3671 sua
2045 3621 2353 3678 crudelitate

1339 3692 1477 3746 fecit.
1520 3694 1757 3765 Uterque
1803 3712 2094 3752 monstrum
2137 3702 2361 3757 horren·
2420 3729 2431 3744 ·-

1339 3771 1466 3824 dum
1497 3774 1669 3825 vocari
1700 3789 1959 3842 meretur,
1993 3797 2124 3850 quos
2147 3795 2351 3849 natura,

1341 3864 1400 3904 ut
1419 3851 1782 3906 detestandum
1807 3858 2029 3927 posteris
2058 3863 2352 3933 exemplum

1340 3931 1570 3998 sisteret,
1601 3931 1812 3986 videtur
1840 3954 2150 4006 procreasse.
2175 3973 2256 3983 --—
2273 3946 2356 3996 In-

241 4011 360 4081 5333
389 4010 535 4065 unde
572 4009 760 4063 domus
787 4013 898 4082 ejus
934 4009 1256 4064 crudelitatis
1331 4012 1520 4076 filicis:
1534 4012 1708 4064 Marii.
1731 4015 1917 4084 Copes.
1938 4030 1992 4068 et
2016 4019 2102 4070 alii
2130 4022 2350 4087 infelices.

241 4091 451 4143 officina
479 4103 556 4143 est
587 4091 857 4161 appellata.

326 4177 372 4231 4.
404 4170 583 4222 Gessit.
609 4169 732 4223 vid.
754 4170 929 4222 senec.
959 4168 1027 4220 de
1050 4171 1134 4223 Ira
1155 4170 1258 4231 ΙΙΙ,

353 4284 452 4351 II.

1345 4090 1433 4142 Sic
1451 4091 1586 4143 infra
1604 4105 1704 4145 ext.
1735 4113 1756 4145 1
1776 4113 1830 4146 ι.
1862 4096 2037 4148 «Cibo
2066 4112 2119 4150 et
2140 4102 2355 4171 potione

1348 4170 1606 4223 infelicem
1635 4173 1875 4244 spiritum
1900 4193 2247 4246 prorogare.-

1910 4309 1996 4358 10
