3143 5204
698 438 912 506 CAP.
970 438 1055 523 V,
1110 438 1247 505 DE
1303 438 1843 506 REPULSIS.
2238 435 2342 533 37

215 570 525 639 ciderunt.
576 572 734 639 Haec
782 571 906 638 fuit
949 572 1189 665 punica
1232 569 1552 640 fortitudo
1577 623 1598 657 ‚
1641 570 1809 640 dolis
1858 584 1924 638 et
1973 569 2221 638 insidiis
2266 584 2334 638 et

216 674 458 745 fallacia
493 678 852 747 instructa:
895 702 1040 771 quae
1080 701 1258 746 nunc
1299 678 1663 747 certissima
1703 679 2169 747 circumventae
2205 678 2335 743 vir-

213 785 357 853 tutis
392 797 641 854 nostrae
677 785 1008 854 excusatio
1046 799 1184 871 est,
1230 784 1544 878 quoniam
1581 784 1842 879 decepti
1888 785 2096 877 magis
2140 806 2342 877 quam

215 904 358 961 victi
393 915 647 960 sumus.

943 1014 1387 1103 CAPUT
1453 1017 1612 1103 V.-

1046 1197 1156 1264 De
1197 1196 1500 1291 repulsis.

221 1345 253 1375 1.
278 1332 336 1389 Q.
359 1330 487 1377 mii
506 1330 783 1377 Tuberonis.
807 1356 868 1365 —
893 1346 938 1378 2.
971 1334 1021 1378 P.
1045 1333 1276 1394 Scipionis
1300 1333 1491 1380 Nasieae.
1517 1358 1577 1367 —-
1602 1333 1645 1378 3.
1672 1332 1860 1380 Aemilii
1887 1332 2051 1381 Penni.
2079 1356 2141 1369 —-
2161 1334 2220 1391 Q.
2241 1331 2342 1377 Me-

384 1408 487 1456 telli
510 1408 820 1456 Macedonici.
837 1434 899 1444 -
918 1410 959 1456 5.
986 1411 1036 1455 L.
1059 1410 1263 1456 Cornelii
1287 1412 1441 1457 Sullae.
1466 1437 1524 1446 -
1543 1410 1590 1458 6.
1619 1412 1682 1457 Μ.
1709 1412 1899 1458 Catonis
1922 1410 2156 1460 uticensis.

311 1556 553 1650 Campi
597 1579 860 1649 quoque
911 1567 1374 1649 repraesentata
1425 1553 1717 1624 conditio
1773 1556 2183 1625 ambitiosam
2237 1557 2345 1624 in·-

221 1660 579 1755 gredientes
617 1663 793 1730 viam
814 1660 833 1688 ¹
852 1714 872 1748 ,
902 1660 987 1729 ad
1017 1660 1251 1730 fortius
1281 1660 1697 1731 sustinendos
1723 1686 1959 1756 parum
1991 1686 2345 1757 prosperos

220 1770 630 1837 comitiorum
681 1782 955 1836 eventus
996 1766 1242 1836 utiliter
1284 1770 1667 1837 instruxerit
1686 1795 1712 1852 ;ν
1751 1766 1950 1863 quia²
1990 1769 2347 1865 propositis

221 1888 357 1944 ante
398 1873 634 1946 oculos
679 1873 1191 1943 clarissimorum
1235 1876 1529 1943 virorum
1563 1874 1881 1968 repulsis,
1918 1889 1994 1944 ut
2035 1900 2171 1944 non
2214 1877 2345 1944 mi-

222 2006 369 2051 nore
401 2007 561 2052 cum
594 2007 710 2077 spe
748 1982 1035 2051 honores
1056 2033 1075 2067 ,
1102 1983 1194 2049 ita
1224 1982 1652 2076 prudentiore
1682 2007 1836 2051 cum
1872 1983 2073 2050 animi
2096 1980 2343 2075 judicio

225 2090 1041 2182 petent3meminerintque
1075 2087 1259 2157 nefas
1288 2113 1425 2157 non
1453 2113 1631 2175 esse,
1649 2087 1896 2181 aliquid
1927 2088 2012 2155 ab
2039 2088 2347 2157 omnibus
2459 2128 2466 2134 ·

225 2197 325 2262 uni
351 2197 620 2289 negari,
649 2220 854 2290 quum
896 2219 1348 2289 saepenumero
1393 2191 1631 2288 singuli
1672 2208 2065 2263 cunctorum
2103 2191 2347 2262 volun-

226 2301 462 2372 tatibus
487 2303 789 2373 resistere
818 2300 915 2371 fas
944 2326 1084 2371 esse
1107 2301 1450 2389 duxerint3
1474 2302 1753 2370 scientes
1781 2300 2010 2387 etiam,
2032 2300 2348 2395 patientia

226 2411 420 2501 quaeri
454 2409 729 2497 debere,
758 2408 936 2504 quod
966 2410 1179 2502 gratia
1208 2409 1547 2503 impetrari
1579 2407 1922 2501 nequierit.

330 2540 354 2586 1
375 2569 393 2585 .
435 2517 521 2606 Q.
560 2515 767 2585 AElius
794 2516 1095 2604 Tubero,
1123 2539 1162 2583 a
1199 2517 1284 2605 Q.
1315 2515 1518 2584 Fabio
1554 2515 1891 2601 Maxim0‚
1918 2511 2186 2607 epulum
2230 2537 2347 2608 po-

229 2622 375 2716 pulo
405 2626 673 2693 nomine
708 2627 779 2693 P.
816 2624 1109 2693 Africani
1135 2624 1353 2718 patrui
1383 2623 1484 2692 sui
1518 2621 1721 2692 dante
1737 2608 1786 2710 ³,
1822 2635 2092 2715 rogatus
2125 2634 2199 2688 ut
2230 2622 2346 2690 tri-

231 2728 486 2799 clinium
548 2745 869 2801 sterneret
889 2784 910 2819 ‚
973 2727 1246 2799 lectulos
1309 2731 1676 2824 punicanos
1729 2726 2009 2823 pellibus
2070 2726 2350 2796 hoedinis
2453 2809 2456 2810 ⁷

234 2838 487 2921 stravit,
525 2854 594 2909 et
635 2864 760 2934 pro
802 2839 1129 2932 argenteis
1171 2838 1343 2906 vasis
1387 2837 1591 2906 samia
1634 2835 1979 2931 exposuit:
2027 2834 2216 2927 cujus
2254 2835 2354 2902 rei

234 2943 603 3016 deformitas
635 2947 726 3016 sic
763 2970 992 3015 omnes
1028 2943 1344 3031 offendit,
1380 2957 1455 3012 ut
1487 2968 1693 3037 quum
1725 2940 1971 3036 alioqui
2016 2941 2119 3009 vir
2155 2965 2354 3035 egre-

313 3167 356 3202 ι.
373 3150 540 3203 Viam.
559 3148 801 3202 Perizon.
824 3148 1049 3220 conjecit
1078 3151 1239 3200 vitam.
1324 3146 1450 3198 fices
1477 3163 1641 3217 opere
1675 3144 1901 3216 lignario
1940 3143 2069 3196 olim
2103 3142 2353 3195 claruisse

240 3229 434 3301 Absque
468 3229 799 3295 necessitate3
831 3229 1128 3280 ambitiosam
1164 3231 1241 3280 in·
1326 3228 1508 3278 Romae
1537 3264 1552 3289 ,
1609 3236 1919 3296 argumento
1968 3235 2094 3277 sunt
2150 3222 2353 3294 aliquot

238 3310 363 3377 gredi
391 3314 513 3362 viam
538 3321 640 3372 est,
667 3309 901 3362 honores
925 3321 1104 3380 petere
1330 3304 1549 3359 Catonis
1596 3302 1665 3356 de
1709 3306 1773 3358 R.
1811 3307 1878 3357 R.
1919 3314 1971 3355 et
2003 3303 2178 3356 Plauti
2213 3301 2347 3355 loca.

311 3410 360 3442 a.
384 3393 576 3460 Quia...
607 3400 714 3442 nt...
737 3391 864 3442 ita...
882 3401 1060 3460 petent.
1090 3386 1240 3458 Pigh.
1329 3386 1462 3439 Cato
1473 3385 1718 3452 finestms
1733 3388 1935 3455 punicas
1949 3420 1962 3440 ,
1986 3383 2198 3435 torcular
2210 3385 2355 3453 puni·

242 3487 329 3538 pm
349 3473 459 3542 quia
486 3470 666 3541 posuit
692 3481 780 3531 ατς
814 3486 1036 3539 sequens
1072 3479 1127 3519 ut
1153 3486 1244 3520 ex·
1330 3467 1936 3535 cum,coagmmtapuntca
1948 3472 2352 3526 commemorat,

244 3551 444 3618 punxit3
466 3568 570 3621 pro
593 3553 665 3600 ita
683 3547 834 3602 dedit
859 3568 943 3610 ac,
971 3559 1023 3600 et
1044 3566 1145 3619 pro
1162 3566 1247 3617 pe-
1331 3558 1385 3598 et
1403 3545 1618 3597 Plautus
1640 3544 1697 3597 in
1712 3543 1984 3596 Aulularia
2011 3544 2241 3594 laternam
2255 3560 2351 3611 pu-

247 3640 333 3679 tent
358 3629 546 3683 maluit
572 3640 760 3700 petant.
801 3627 905 3682 Sed
931 3627 1246 3680 Torreniani
1332 3629 1504 3679 nicam.
1545 3623 1783 3678 Isidorus
1809 3663 1824 3696 ,
1856 3624 1986 3685 ΧΧ,
2013 3624 2126 3675 haec
2161 3621 2357 3674 habet:

245 3707 382 3762 codd.
401 3709 756 3781 comprobant
776 3709 1048 3780 antiquam
1064 3706 1247 3760 lectio·
1332 3706 1576 3758 Ptmicam'
1595 3706 1706 3756 lecti
1718 3707 1862 3776 parvi
1878 3714 1928 3754 ee
1941 3703 2137 3754 humiles
2148 3703 2358 3772 primun

245 3806 381 3856 nem,
410 3810 440 3842 a
472 3789 662 3861 Pighio
690 3789 1080 3860 interpolatam.
1334 3806 1366 3836 a
1397 3785 1695 3854 Carthagine
1733 3784 1944 3844 advecti,
1983 3795 2033 3834 et
2066 3781 2176 3834 indo
2201 3784 2356 3833 nomi-

316 3876 360 3923 3.
397 3872 577 3922 Dante.
604 3872 710 3922 An.
741 3871 813 3922 U.
842 3872 977 3932 624.
1006 3867 1120 3921 Cic.
1149 3883 1251 3939 pm
1335 3868 1458 3918 nati.
1497 3865 1819 3916 —Pelle’bus
1859 3860 2356 3915 kadmienihilwb-

245 3947 455 4003 Μαι-ευ.
485 3952 589 4016 36,
621 3949 745 4003 Sen.
768 3949 920 4021 epist.
950 3947 1046 4017 95,
1072 3960 1128 4000 et
1155 3964 1250 4017 99.
1333 3947 1522 4016 jectius
1562 3959 1617 3998 et
1664 3942 1928 3998 sordidius
1971 3942 2228 3994 habitum.
2281 3972 2348 3983 -

247 4061 314 4070 —
370 4032 658 4082 Punicanos.
725 4030 984 4101 Liguscos,
1052 4026 1146 4098 qui
1196 4028 1251 4080 in
1338 4025 1522 4080 Samia.
1545 4026 1681 4078 Vasa
1697 4025 1863 4078 Sana«
1884 4021 2098 4094 egregie
2112 4021 2364 4078 fahs-imm

249 4111 507 4177 publicum
525 4112 912 4165 sternebantur.
928 4111 1117 4163 Poenos
1134 4107 1251 4178 opi·
1341 4120 1518 4170 erant,
1537 4105 1844 4161 sedflotiun.

1851 4209 1946 4296 33,
