3143 5204
742 495 880 566 156
1055 499 1497 565 VALERII
1553 498 1966 565 MAXIMI
2025 501 2216 566 LIB.
2273 501 2409 566 IX.

730 628 978 715 delere,
1017 629 1175 723 legis
1202 629 1473 723 agrariae
1507 630 1591 696 ab
1628 654 1707 699 eo
1742 629 2067 722 impeditae
2098 632 2415 699 memoria
2445 630 2851 699 immobilem

731 738 1054 804 retineret.
1101 734 1222 805 Illa
1269 760 1426 803 vero
1468 737 1665 804 etiam
1703 737 1920 829 Appio
1953 734 2104 804 duci
2129 735 2171 823 ¹,
2212 737 2398 829 cujus
2435 751 2652 830 pater,
2689 736 2852 804 dum

733 867 855 934 pro
887 856 1148 910 senatus
1175 840 1605 936 amplitudine
1628 844 1885 926 nititur,
1922 841 2269 910 commoda
2301 842 2508 936 plebis
2535 843 2856 910 acerrime
2890 888 2893 889 ν

730 949 1265 1041 impugnaverat,
1320 947 1649 1017 infensum
1704 949 2062 1016 exercitum
2103 947 2438 1034 faciendo,
2479 946 2856 1016 voluntaria

733 1053 890 1146 fuga
950 1068 1135 1147 terga
1185 1055 1398 1138 hosti,
1452 1079 1534 1121 ne
1591 1053 2001 1147 triumphum
2057 1056 2437 1148 imperatori
2491 1068 2856 1148 quaereret,

731 1158 887 1227 dare
928 1161 1162 1252 coegit.
1215 1160 1491 1247 Quoties
1529 1157 1855 1228 victoriae²
1902 1156 2171 1228 victrix!
2221 1158 2856 1254 congratulationem

731 1266 869 1356 ejus
920 1267 988 1332 in
1023 1270 1358 1359 Torquato
1405 1265 1877 1359 spernendam,
1934 1266 2000 1333 in
2041 1267 2245 1334 Fabio
2270 1252 2293 1291 ³
2341 1264 2855 1360 pulcherrimam

735 1387 989 1464 partem
1027 1371 1458 1440 omittendam
1481 1426 1501 1458 ,
1536 1374 1604 1438 in
1628 1373 1852 1466 ,Appio
1885 1385 2092 1439 totam
2129 1372 2300 1465 fugae
2330 1371 2857 1466 postponendam

733 1477 1029 1545 reddidit.

840 1581 907 1651 6.
953 1586 1126 1677 Age,
1169 1608 1368 1677 quam
1407 1582 1728 1652 violenter
1772 1607 1840 1652 se
1889 1585 1959 1651 in
2000 1599 2267 1678 pectore
2303 1586 2589 1653 universi
2628 1583 2857 1678 populi

735 1692 987 1757 romani
1023 1692 1222 1783 gessit
1249 1689 1481 1758 eodem
1515 1705 1813 1784 tempore
1834 1740 1851 1774 ,
1890 1715 2022 1783 quo
2059 1690 2390 1785 suffragiis
2425 1692 2563 1785 ejus
2594 1689 2857 1758 dedica·

733 1797 823 1864 tio
873 1796 1027 1865 aedis
1067 1798 1384 1864 Mercurii
1428 1799 1520 1863 M.
1569 1795 1870 1865 Plaetorio
1923 1795 2232 1890 primipili
2282 1798 2650 1866 centurioni
2701 1795 2856 1865 data

734 1889 906 1988 est⁴;
951 1904 1296 1997 praeteritis
1333 1901 1747 1987 consulibus,
1793 1903 2009 1996 Appio
2057 1902 2235 1995 quod
2285 1903 2676 1987 obstitisset,
2723 1928 2859 1996 quo

732 2010 945 2077 minus
989 2011 1100 2077 aeri
1148 2008 1360 2077 alieno
1412 2034 1530 2077 suo
1576 2023 2106 2092 succurreretur3
2138 2006 2447 2095 Servilio,
2489 2008 2667 2103 quod
2709 2034 2860 2076 sus-

734 2130 992 2208 ceptam
1053 2138 1317 2184 causam
1376 2113 1686 2209 languido
1746 2116 2109 2208 patrocinio
2162 2112 2584 2208 protexisset!
2639 2117 2862 2208 Negas

733 2222 1072 2291 efficacem
1112 2224 1278 2289 iram
1298 2275 1319 2309 ,
1352 2222 1538 2314 cujus
1577 2222 1845 2290 hortatu
1880 2215 2063 2289 miles
2091 2245 2350 2289 summo
2378 2223 2653 2316 imperio
2685 2245 2861 2315 prae-

736 2327 902 2397 latus
946 2327 1090 2397 est?

844 2461 910 2530 7.
951 2437 1119 2524 Quae
1149 2435 1414 2529 quidem
1456 2459 1590 2503 non
1623 2422 2071 2528 proculcavit⁵
2106 2449 2364 2503 tantum
2403 2435 2709 2527 imperia,
2748 2434 2862 2501 sed

824 2663 870 2694 1.
914 2644 1061 2694 Daci.
1097 2644 1197 2694 An.
1224 2644 1358 2693 Urb.
1387 2645 1519 2695 282.
1551 2643 1753 2712 Appius

737 2721 990 2776 Claudius
1022 2722 1166 2791 plebi
1194 2721 1420 2784 invisus,
1454 2722 1633 2772 consul
1669 2720 1756 2772 ad-

740 2820 917 2854 versus
959 2801 1177 2852 Volscos
1219 2800 1484 2870 profectus
1509 2840 1524 2865 ,
1570 2798 1753 2853 eadem

739 2881 933 2934 saevitia
963 2881 1209 2932 utebatur
1236 2880 1291 2930 in
1322 2880 1544 2944 militeS,
1574 2880 1754 2950 quain

737 2962 946 3032 plebem
966 2960 1043 3012 uti
1062 2971 1430 3024 consueverat;
1456 2957 1600 3011 unde
1614 2959 1754 3011 vinei

737 3041 962 3111 turpiter
1007 3042 1337 3103 maluerunt,
1378 3058 1537 3109 quam
1579 3039 1754 3110 Appio

737 3139 922 3191 parare
947 3120 1223 3171 honorem.

820 3221 869 3251 2.
917 3201 1114 3266 Quoties
1149 3202 1384 3250 victoriae.
1418 3198 1634 3268 Pighius
1674 3199 1755 3249 in-

739 3281 994 3351 terposuit
1048 3299 1190 3347 ergo,
1239 3277 1385 3349 quod
1445 3277 1551 3330 fide
1602 3277 1753 3330 MSS.

736 3360 1026 3412 Torrenius
1055 3359 1310 3429 expunxit
1329 3399 1345 3424 ‚
1373 3371 1433 3411 ut
1460 3357 1662 3411 dictum
1693 3359 1760 3410 sit

739 3460 833 3512 per
869 3438 1271 3492 admirationem
1288 3477 1306 3504 ,
1349 3458 1497 3491 more
1543 3438 1760 3490 Valerio

736 3518 890 3572 valde
919 3519 1159 3572 sollenni.

822 3600 873 3652 3.
918 3599 1309 3650 Pulcherrimam.
1343 3598 1552 3668 Lipsius
1582 3599 1759 3666 legen-

739 3679 870 3732 dnm
885 3690 1084 3732 censet:
1098 3679 1412 3748 pulcherrime
1419 3690 1628 3748 partam,
1644 3678 1756 3729 scil.

738 3760 1032 3813 victoriam.
1075 3757 1234 3821 Quod
1270 3749 1536 3828 improbat
1563 3759 1760 3809 Torre-

739 3840 875 3892 nius.
904 3840 1234 3891 Pulcherrima
1254 3857 1374 3908 pars
1399 3839 1621 3888 victoria·
1654 3849 1760 3899 est,

739 3919 979 3970 hostibus
993 3918 1258 3971 conversis
1277 3918 1331 3969 in
1347 3919 1519 3987 fugam
1537 3917 1730 3968 instare
1746 3956 1761 3981 ,

735 3997 878 4066 quod
913 4000 1082 4049 facere
1113 3999 1399 4050 noluerunt
1429 3996 1760 4048 Fabiani.—

739 4078 981 4129 Reddidit.
1017 4077 1251 4140 Scilicet,
1284 4078 1375 4129 ira.
1411 4076 1560 4146 Pigh.
1606 4077 1757 4128 credi-

735 4157 826 4208 die.
864 4157 1043 4208 Minus
1073 4158 1225 4208 bene.

1928 2649 1976 2704 4.
2015 2644 2154 2694 Data
2185 2656 2269 2695 ese.
2314 2644 2412 2694 An.
2450 2643 2516 2694 U.
2567 2642 2694 2696 258.
2744 2644 2861 2694 Liv.

1843 2723 1924 2784 H,
1956 2741 2046 2791 27.
2082 2721 2263 2787 Quum
2290 2723 2515 2774 instante
2558 2722 2699 2773 bello
2741 2740 2867 2774 cum

1843 2801 2078 2865 Volscis,
2109 2816 2330 2872 propter
2359 2821 2522 2853 nexos
2549 2803 2619 2853 ob
2645 2820 2712 2853 aes
2737 2803 2867 2854 alie-

1844 2900 1973 2933 num
2002 2882 2259 2933 fremebat
2285 2882 2432 2951 plebs
2450 2920 2465 2946 ‚
2500 2882 2752 2933 tutiorem
2788 2884 2869 2933 in·

1846 2973 1925 3012 ter
1953 2960 2157 3023 hostes,
2184 2980 2340 3030 quam
2376 2961 2514 3012 inter
2542 2961 2681 3012 cives
2711 2961 2868 3013 liber·

1844 3053 2005 3092 tatem
2041 3040 2211 3110 plebis
2253 3059 2362 3091 esse
2393 3059 2405 3093 :
2446 3041 2568 3091 nexi
2600 3041 2655 3091 in
2688 3042 2868 3112 publi-

1844 3139 1965 3172 cum
1980 3139 2034 3171 se
2046 3119 2350 3190 proripiunt
2362 3133 2413 3172 et
2422 3121 2693 3183 Quiritum
2705 3120 2867 3173 fidem

1844 3199 2147 3270 implorant.
2180 3200 2376 3252 Coacto
2415 3212 2630 3262 senatu,
2663 3201 2871 3271 Appius

1844 3297 1943 3349 per
1969 3278 2077 3330 vim
2094 3317 2110 3342 ,
2130 3278 2409 3344 Servilius,
2430 3280 2513 3331 vir
2537 3280 2764 3332 mitioris
2790 3281 2871 3331 in—

1847 3359 2012 3428 genii,
2036 3357 2242 3429 placide
2262 3378 2373 3412 rem
2396 3358 2648 3429 agendam
2673 3372 2867 3412 censet.

1848 3438 2009 3491 Nexis
2044 3437 2300 3503 dimissis,
2341 3440 2523 3491 consul
2551 3439 2699 3491 brevi
2741 3441 2873 3490 Vol-

1848 3537 1963 3570 scos
1980 3530 2207 3589 superat.
2240 3517 2344 3570 Sed
2369 3517 2563 3571 deinde
2581 3519 2872 3590 impulsore

1848 3598 2023 3668 Appio
2063 3598 2185 3649 nexi
2222 3597 2572 3650 creditoribus
2604 3611 2729 3650 sunt
2755 3597 2875 3650 red·

1849 3675 1974 3742 diti,
2007 3691 2060 3730 et
2086 3696 2251 3747 quum
2283 3677 2533 3730 Servilius
2568 3679 2877 3748 tergiversa-

1849 3769 2016 3821 retur,
2043 3758 2099 3809 in
2127 3755 2269 3809 idem
2297 3756 2479 3809 odium
2511 3756 2716 3810 incidit.
2748 3759 2874 3822 Quo

1851 3837 2047 3889 sactum
2064 3874 2080 3901 ,
2101 3850 2160 3888 ut
2182 3835 2445 3889 dedicatio
2463 3836 2588 3889 aedis
2614 3838 2871 3889 Mercurii

1852 3917 2029 3968 neutri
2047 3917 2323 3968 consulum
2337 3955 2353 3981 ,
2368 3915 2458 3967 sed
2473 3917 2718 3969 Plaetorio
2731 3936 2873 3969 com·

1852 3995 2170 4048 mitteretur.

1933 4075 1962 4128 5
1972 4116 1984 4126 .
1993 4075 2119 4142 Quae
2129 4076 2314 4146 quidem
2329 4096 2424 4126 non
2432 4077 2741 4146 proculcavit.
2750 4076 2833 4127 Ali
2841 4078 2875 4141 i,

1850 4175 1941 4206 nou
1979 4154 2165 4224 quidem
2196 4156 2506 4224 procedcavit.
2556 4153 2659 4206 Sed
2702 4157 2879 4225 proxi·
