3143 5204
405 480 611 548 CAP.
670 480 771 560 V,
825 479 962 545 DE
1016 476 1571 546 TESTIMON.
1628 480 2049 551 IRRITIS.
2195 510 2291 581 79

291 608 349 680 3.
373 614 444 679 L.
472 633 736 703 quoque
761 611 1039 678 Crassus
1065 621 1288 677 tantus
1314 607 1491 703 apud
1502 607 1787 702 judices,
1807 627 2094 705 quantus
2115 617 2293 709 apud

196 721 252 785 P.
280 720 349 786 C.
381 714 675 785 AEmilius
706 718 993 785 Scaurus
1021 706 1351 809 (namque
1381 739 1613 784 eorum
1643 717 1957 812 suffragia
1985 720 2294 791 robustis-

193 826 348 892 simis
372 838 436 892 et
461 821 846 892 felicissimis
883 819 1270 917 eloquentiae
1305 821 1641 917 stipendiis
1677 823 1947 918 regebat
1966 879 1985 913 ‚
2020 842 2290 923 eratque

192 932 269 998 sic
299 930 418 998 fori
437 984 457 1019 ‚
492 943 570 998 ut
604 927 711 997 ille
743 930 940 998 curiae
981 918 1332 1024 princeps)
1359 954 1378 1015 ;
1408 954 1615 1023 quum
1643 930 2288 1004 vehementissimum

191 1037 520 1105 testimonii
558 1033 810 1105 fulmen
852 1038 918 1103 iu
952 1036 1045 1103 M.
1080 1032 1472 1111 Marcellum
1508 1060 1697 1105 reum
1719 1035 1736 1058 ¹
1776 1037 2136 1130 injecisset,
2178 1041 2291 1110 im-

187 1158 324 1237 petu
364 1144 583 1238 gravis
604 1196 623 1230 ,
663 1144 839 1211 exitu
879 1165 1092 1210 vanus
1121 1142 1447 1237 apparuit.

276 1267 340 1348 4.
368 1265 512 1357 Age
532 1316 553 1350 ‚
590 1263 678 1351 Q.
714 1260 1022 1332 Metellus
1052 1262 1204 1330 Pius
1228 1313 1249 1347 ‚
1292 1263 1369 1329 L.
1399 1262 1492 1332 M.
1526 1259 1826 1350 Luculli,
1868 1263 1955 1352 Q.
1995 1268 2287 1334 Horten-

185 1371 298 1439 sius
318 1422 338 1456 ,
372 1372 467 1438 M.
494 1368 784 1463 Lepidus
804 1421 826 1457 ,
869 1371 945 1437 C.
986 1364 1312 1437 Cornelii²
1349 1366 1704 1460 majestatis
1740 1370 1872 1456 rei,
1912 1394 2109 1464 quam
2132 1397 2289 1441 »non

183 1490 521 1546 onerarunt
557 1473 1021 1545 tantummodo
1053 1487 1255 1543 testes
1284 1470 1602 1560 salutem,
1645 1473 1759 1543 sed
1799 1476 1995 1544 etiam
2033 1502 2286 1572 negan-

281 1582 454 1666 ‚illo
495 1581 813 1653 incolumi
853 1596 1028 1711 s3tare
1077 1577 1550 1673 rempublicam
1599 1604 1792 1674 posse
1806 1632 1825 1667 ‚
1878 1581 2287 1678 depoposce-

185 1688 361 1757 runt?
401 1689 574 1778 Quae
613 1672 896 1758 decora³
926 1687 1209 1757 civitatis
1240 1678 1492 1780 (pudet
1529 1680 1825 1776 referre)
1866 1690 2207 1760 umbone
2182 1717 2286 1786 Ju-

180 1793 373 1865 diciali
409 1794 678 1890 repulsa
719 1807 892 1865 sunt.

273 1911 334 1985 5.
370 1914 556 2004 Quid
575 1968 596 2002 ‚
633 1916 729 1983 M.
768 1915 1004 1984 Cicero
1048 1913 1294 1982 forensi
1342 1898 1621 1983 militia³
1658 1938 1957 1986 summos
1999 1917 2285 1988 honores

178 2020 764 2116 amplissimumque
800 2019 1136 2115 dignitatis
1175 2017 1398 2088 locum
1432 2018 1711 2115 adeptus
1726 2075 1746 2107 ‚
1782 2046 2004 2091 nonne
2036 2026 2107 2092 in
2134 2027 2291 2120 ipsis

177 2125 548 2223 eloquentiae
576 2151 713 2197 suae
742 2128 970 2196 castris
998 2127 1183 2197 testis
1208 2125 1505 2220 abjectus
1536 2142 1667 2216 est,
1692 2126 1852 2197 dum
1876 2132 1947 2198 P.
1981 2128 2288 2202 Clodium

178 2234 388 2305 Romae
411 2233 595 2330 apud
623 2259 692 2303 se
719 2233 917 2303 fuisse
937 2233 1217 2327 juravit,
1244 2230 1358 2302 illo
1391 2231 1783 2327 sacrilegum
1808 2234 2127 2330 flagitium
2151 2262 2287 2307 uno

176 2340 468 2410 absentiae
497 2355 893 2435 argumento
922 2336 1194 2408 tuente?
1220 2337 1556 2433 Siquidem
1583 2339 1836 2433 judices
1866 2340 2216 2413 Clodium'
2199 2369 2291 2412 m-

176 2450 314 2517 cesti
350 2449 674 2533 crimine,
709 2470 905 2541 quam
953 2446 1343 2515 Ciceronem
1388 2444 1657 2515 infamia
1703 2447 1974 2543 perjurii
2012 2447 2289 2520 liberare

176 2553 551 2624 maluerunt.

245 2769 265 2803 1
279 2790 292 2804 .
318 2752 492 2803 Reum.
509 2747 941 2821 Repetundarum
958 2768 1021 2802 ex
1041 2749 1185 2802 Grae·

174 2830 238 2882 cia
254 2844 304 2883 et
321 2830 546 2896 Achaia,
562 2841 623 2882 ut
639 2827 866 2883 videtur.
878 2831 941 2882 A.
961 2821 1034 2883 U.
1048 2833 1182 2884 660.

243 2931 291 2965 ι.
326 2911 388 2965 C.
425 2909 655 2963 Cornelii.
690 2911 753 2962 A.
785 2910 854 2962 U.
891 2910 1023 2979 687.
1056 2910 1187 2963 Cor-

173 2990 323 3043 nelius
364 2991 422 3043 in
465 2990 739 3043 tribunatu
767 2991 909 3060 justo
947 2989 1183 3060 pertina-

172 3070 349 3123 ciorem
380 3090 440 3124 se
468 3071 682 3141 gessisse
710 3067 1005 3122 videbatur.
1036 3071 1184 3122 Inter

173 3163 337 3203 cetera
396 3152 824 3223 promulgaverat
866 3149 1033 3221 legem
1048 3187 1064 3215 ,
1113 3168 1182 3201 ne

173 3232 293 3300 quis,
318 3232 420 3284 nisi
446 3249 542 3302 per
558 3230 818 3303 populum
832 3268 846 3291 ,
865 3229 1067 3301 legibus
1085 3229 1185 3281 sol-

173 3325 396 3376 veretur,
441 3309 587 3381 quod
616 3309 835 3381 antiquo
873 3309 1029 3361 etiam
1064 3310 1184 3380 jure

173 3405 267 3444 erat
301 3402 538 3444 cautum.
585 3389 768 3455 Hanc,
807 3389 931 3460 quia
973 3400 1184 3441 senatus

171 3472 527 3524 auctoritatem
559 3469 861 3533 minuebat,
896 3468 1074 3540 inique
1106 3469 1182 3522 fe-

171 3552 303 3603 rebat
349 3563 580 3604 senatus.
631 3548 884 3601 Servilius
921 3548 1182 3602 Globulus

171 3631 281 3683 trib.
313 3631 387 3704 pl.
422 3630 582 3701 igitur
609 3630 924 3682 subornatus
948 3629 1042 3699 qui
1073 3629 1182 3681 col-

171 3709 282 3781 lega
312 3710 612 3775 resisteret,
652 3722 705 3762 et
732 3727 1029 3781 proeconem
1058 3727 1183 3779 pro-

171 3791 404 3843 nuntiare
432 3809 615 3862 passus
648 3808 756 3841 non
791 3800 885 3842 est.
919 3786 1021 3840 Sed
1052 3789 1184 3841 Cor·

171 3871 327 3924 nelius
354 3872 469 3942 ipse
495 3868 733 3923 codicem
751 3868 1020 3930 recitavit,
1041 3864 1185 3939 quod

172 3948 273 4002 fieri
295 3963 482 4004 contra
506 3949 836 4003 tribunitiam
865 3948 1188 4002 intercessio·

171 4048 280 4081 nem
296 4031 418 4084 Piso
429 4049 535 4083 cos.
549 4043 761 4101 questus
777 4041 872 4082 est.
890 4026 990 4081 Sed
1003 4027 1187 4080 consul

173 4127 195 4159 a
224 4111 374 4180 plebe
405 4110 551 4181 gravi
575 4108 892 4162 contumelia
922 4107 1187 4170 adfectus,

171 4189 308 4242 fracti
331 4190 519 4255 fasces,
547 4188 751 4261 lapides
772 4189 829 4241 in
854 4189 1024 4260 ipsum
1045 4188 1184 4257 jacti.

1268 2749 1570 2802 Imminutae
1603 2764 1782 2822 postea
1812 2753 2093 2823 majestatis
2120 2753 2290 2808 tribu-

1268 2829 1413 2883 nitio
1430 2843 1699 2884 accusatus
1708 2832 2004 2885 Cornelius.
2024 2865 2103 2874 -—-
2119 2834 2284 2905 Depo-

1261 2922 1530 2978 poscerunt.
1564 2909 1773 2964 Scilicet
1800 2908 1868 2963 ad
1901 2925 2148 2966 mortem.

1351 2996 1402 3042 3.
1437 2991 1649 3042 Decora.
1690 2990 2033 3044 Illustrissimi
2063 2993 2166 3046 viri
2198 3014 2289 3048 eo·

1267 3087 1494 3141 rumque
1533 3071 1829 3123 testimonia
1872 3073 2020 3143 quasi
2057 3075 2290 3129 umbone

1266 3149 1439 3221 clypei
1480 3150 1689 3221 repulsa
1735 3163 1858 3204 sunt
1875 3189 1891 3217 ,
1931 3171 2001 3206 ne
2047 3154 2292 3208 obessent

1267 3227 1536 3282 Cornelio.

1350 3315 1401 3370 4.
1432 3310 1637 3361 Forensi
1654 3310 1844 3362 militia.
1865 3309 1931 3363 Id
1962 3324 2069 3377 est,
2094 3316 2290 3368 oratio-

1267 3387 1424 3440 nibus
1468 3387 1609 3454 suis,
1653 3401 1705 3442 et
1742 3390 2041 3461 eloquentia
2069 3412 2177 3448 sua.
2218 3429 2282 3439 —

1267 3468 1375 3538 Ahj
1372 3481 1498 3519 ectus
1525 3480 1613 3521 est.
1643 3469 1705 3519 Δ.
1728 3470 1798 3522 U.
1827 3474 1963 3539 6923
2001 3472 2140 3525 Plut.
2160 3476 2294 3546 Dio,

1273 3547 1376 3618 37;
1409 3548 1522 3602 Cic.
1556 3548 1754 3615 Att.1,
1786 3549 1969 3603 Senec.
2000 3549 2169 3606 Lucil.
2200 3574 2285 3628 ep.

1271 3630 1362 3696 98.
1397 3628 1477 3680 De
1517 3626 1756 3682 Clodio
1736 3649 1845 3700 Jam
1875 3649 2035 3702 supra
2063 3633 2178 3698 111,
2222 3635 2290 3703 5,

1271 3707 1336 3774 33
1368 3709 1477 3773 IV,
1514 3727 1583 3774 α,
1618 3709 1670 3761 5.
1700 3741 1779 3750 --
1808 3709 2121 3780 Sacrilegum
2153 3714 2293 3779 Quia

1268 3800 1542 3860 correptus
1592 3806 1772 3843 amore
1826 3791 2091 3862 Pompeio
2147 3812 2290 3848 sacra

1269 3862 1431 3920 Bonae
1477 3868 1601 3920 Deae
1643 3867 1789 3922 adire
1838 3889 1946 3923 non
1992 3869 2290 3941 dubitavit,

1270 3948 1462 4018 quibus
1487 3946 1666 4001 adesse
1696 3951 1841 4002 nefas
1867 3961 1980 4003 erat
2000 3950 2134 4004 viro.
2165 3955 2289 4007 Fla-

1267 4030 1440 4097 gitium
1465 4028 1692 4081 incestus
1729 4042 1821 4082 est.
1856 4030 2028 4083 Caesar
2054 4031 2191 4087 hanc
2220 4037 2292 4089 ob

1271 4126 1382 4160 rem
1411 4127 1629 4162 uxorem
1651 4127 1798 4161 suam
1821 4107 2136 4180 repudiavit.
2161 4116 2289 4169 vid.

1268 4186 1467 4240 Sueten
1488 4188 1545 4240 in
1565 4189 1671 4244 vita
1689 4191 1819 4244 Cres.
1836 4191 2103 4245 Incestum
2132 4194 2289 4250 etiam
