3143 5204
526 411 734 480 cAP.
794 412 931 497 lv,
986 410 1122 478 DE
1179 410 2079 483 STRATEGEMATls.
2237 416 2331 485 33

217 544 385 613 exitu
421 542 697 613 feliciter
733 545 1071 638 provisum
1093 542 1143 630 ¹3
1180 568 1382 636 quum
1425 544 1590 612 urbe
1628 560 1820 641 capta
1857 547 2029 616 Galli
2067 553 2334 646 Capito-

219 649 366 719 lium
412 649 793 719 obsiderent
819 704 838 736 ,
885 648 1221 744 solamque
1273 649 1566 744 potiendi
1617 651 1757 744 ejus
1810 678 1992 747 spem
2046 659 2112 723 in
2167 658 2337 729 fame

217 782 434 825 eorum
455 755 477 781 ²
520 757 873 851 repositam
911 755 1509 824 animadverterent
1529 812 1548 844 ,
1585 781 1903 852 perquam
1943 761 2181 832 callido
2218 791 2338 861 ge-

218 888 361 932 nere
427 862 719 949 consilii,
770 864 965 931 unico
1030 863 1531 957 perseverantiae
1591 865 1998 936 irritamento
2055 872 2338 941 victores

218 969 695 1064 spoliaverunt3
723 993 924 1063 panes
953 972 1129 1039 enim
1152 970 1371 1063 jacere
1407 970 1860 1064 compluribus
1895 998 1971 1041 ex
2010 972 2168 1044 locis
2207 1004 2337 1047 coe-

219 1091 484 1171 perunt3
530 1101 665 1171 quo
713 1073 1089 1170 spectaculo
1132 1074 1660 1170 obstupefactos,
1707 1077 2158 1174 infinitamque
2203 1084 2337 1152 fru-

221 1185 407 1252 menti
435 1183 911 1252 abundantiam
936 1184 1174 1251 nostris
1200 1206 1541 1277 superesse
1570 1183 1947 1271 credentes,
1978 1180 2062 1254 ad
2092 1193 2339 1283 pactio·

220 1313 356 1358 nem
384 1289 768 1358 omittendae
800 1288 1157 1358 obsidionis
1187 1287 1690 1385 compulerunt:
1723 1294 2029 1362 misertus
2057 1310 2156 1364 est
2184 1310 2342 1365 tunc

220 1396 509 1490 profecto
562 1397 822 1491 Jupiter
867 1420 1155 1465 romanae
1203 1397 1467 1464 virtutis
1490 1450 1508 1484 ,
1555 1397 1930 1491 praesidium
1976 1401 2060 1468 ab
2105 1406 2342 1471 astutia

222 1505 604 1590 mutuantis,
654 1527 858 1597 quum
908 1504 974 1570 in
1023 1527 1280 1571 summa
1323 1501 1786 1572 alimentorum
1833 1506 2055 1601 inopia
2112 1510 2343 1602 projici

222 1610 505 1702 praesidia
543 1594 819 1704 inopiae³
855 1623 1184 1678 cerneret:
1224 1611 1423 1703 igitur
1464 1623 1536 1677 ut
1581 1610 1810 1697 vafr0,
1848 1613 1937 1680 ita
1973 1614 2343 1708 periculoso

222 1715 481 1785 consilio
523 1715 875 1785 salutarem
916 1718 1165 1784 exitum
1213 1714 1409 1784 dedit.

317 1826 381 1908 4.
429 1822 751 1917 Idemque
792 1823 1050 1917 Jupiter
1100 1835 1326 1917 postea
1367 1824 2056 1917 praestantissimorum
2098 1828 2345 1899 ducum

225 1943 591 1999 nostrorum
639 1929 980 2023 sagacibus
1025 1928 1311 1999 consiliis
1351 1930 1675 2023 propitius
1717 1921 2130 2047 adspiravit⁴.
2170 1938 2343 2005 Nam

223 2061 412 2130 quum
455 2022 780 2106 alterum⁵
817 2034 1022 2105 Italiae
1073 2034 1242 2104 latus
1284 2034 1616 2102 Hannibal
1664 2035 2022 2126 laceraret,
2063 2040 2340 2113 alterum

226 2145 551 2212 invasisset
593 2141 963 2211 Hasdrubal
996 2195 1014 2228 ,
1056 2167 1140 2210 ne
1182 2140 1466 2209 duorum
1519 2141 1797 2211 fratrum
1837 2145 2085 2236 junctae
2136 2151 2343 2242 copiae

226 2248 604 2319 intolerabili
647 2273 847 2318 onere
890 2249 1090 2317 fessas
1132 2246 1322 2316 simul
1363 2271 1465 2315 res
1503 2261 1761 2316 nostras
1804 2267 2150 2344 urgerent,
2188 2255 2343 2324 hinc

227 2355 469 2425 Claudii
492 2357 778 2425 Neronis
809 2370 1117 2450 vegetum
1150 2351 1489 2422 consilium
1509 2407 1527 2440 ,
1555 2351 1735 2422 illinc
1768 2356 1938 2423 Livii
1965 2356 2345 2430 Salinatoris

229 2463 455 2559 inclyta
497 2462 912 2559 providentia
957 2460 1194 2530 effecit.
1233 2462 1415 2530 Nero
1452 2462 1629 2528 enim
1668 2486 2047 2556 compresso
2083 2488 2122 2532 a
2165 2492 2232 2534 se
2276 2470 2340 2536 in

304 2677 349 2711 1.
388 2660 656 2711 vaismn.
700 2657 803 2708 An.
842 2656 910 2707 U.
948 2655 1075 2708 363.
1112 2655 1227 2706 Liv.

232 2739 291 2800 V,
305 2742 368 2800 48
379 2735 565 2803 ;Ovid.
583 2736 823 2799 Fanvl,
840 2735 951 2805 379
963 2753 979 2799 ς
993 2735 1227 2787 Lactant.

232 2820 283 2883 1,
308 2838 394 2872 so.

301 2919 350 2952 ι.
392 2899 593 2951 Eorum.
627 2896 779 2968 Pigh.
820 2915 883 2949 ex
921 2893 1142 2947 Susiano
1179 2906 1232 2945 et

233 2978 386 3031 Palm.
412 2977 652 3049 reposuit
674 2977 987 3037 obsessor-m.
1005 2991 1232 3045 eumque

234 3059 417 3130 sequuti
446 3069 573 3110 sunt
601 3056 778 3109 Coler.
806 3057 984 3107 Vorst.
1012 3066 1065 3106 et
1093 3053 1229 3105 Tor·

235 3139 408 3192 renius.
442 3137 546 3189 Alii
572 3150 748 3189 tamen
789 3133 940 3186 MSS.
967 3147 1020 3186 et
1048 3150 1231 3185 omnes

236 3215 339 3271 edd.
352 3219 546 3271 habent
562 3235 722 3268 eorum
735 3235 754 3275 ,·
769 3214 966 3267 scilicet
982 3216 1227 3283 majorum.

236 3330 301 3340 —
331 3298 547 3351 Consilii.
578 3295 741 3348 Multi
761 3292 910 3346 MSS.
939 3306 992 3345 et
1020 3291 1104 3345 ed.
1125 3305 1229 3345 vet.

237 3379 400 3430 consilii
422 3379 630 3429 Romani
660 3379 767 3435 usi‚·
804 3371 897 3425 sed
936 3391 1089 3425 voees
1117 3373 1231 3425 illas

238 3474 381 3528 quum
393 3476 420 3509 a
434 3457 701 3529 plerisque
715 3454 886 3506 absint
895 3490 911 3516 ,
922 3453 1231 3517 Torrenius,

239 3538 312 3606 qui
334 3537 474 3590 hunc
496 3537 677 3589 locum
709 3553 738 3586 a
768 3532 957 3603 Pighio
984 3532 1118 3584 male
1147 3533 1228 3584 in-

239 3628 553 3689 ter-punctum
588 3612 847 3676 restituit,
892 3609 1085 3664 addere
1123 3630 1231 3663 non

239 3698 460 3750 sustinuit
473 3735 489 3762 ,
506 3696 733 3767 glossam
753 3693 847 3745 has
863 3692 1228 3761 olerepntans.

240 3806 304 3818 —
324 3778 708 3830 Perseveraneioe.
730 3773 914 3825 Unum
930 3783 1044 3823 erat
1057 3809 1071 3834 ,
1088 3770 1232 3841 quod

242 3853 396 3911 Gallos
419 3858 475 3911 in
504 3851 814 3909 obsidendis
840 3851 1090 3904 Romanis
1112 3869 1232 3921 per·

241 3953 449 3990 severare
479 3937 728 3990 incitaret
745 3971 760 3998 ,
795 3931 939 4003 quod
979 3950 1068 3984 eos
1099 3931 1234 3983 fame

240 4014 424 4069 vincere
435 4014 902 4089 possesperabanu
913 4031 1035 4065 nam
1053 4011 1106 4062 vi
1120 4013 1235 4082 capi

245 4112 371 4163 posse
382 4097 703 4168 Capitolium
718 4090 1235 4163 desperabant‚quod

334 4199 425 4264 II.

1316 2653 1462 2705 locus
1478 2666 1668 2706 natura
1687 2656 2070 2710 munitissimus
2091 2675 2240 2712 esset.

1401 2733 1452 2787 3.
1482 2735 1685 2804 [πυρίας.
1717 2735 2038 2805 Religiosum
2067 2752 2172 2803 est,
2201 2762 2342 2793 sum—

1318 2814 1389 2864 mi
1432 2813 1682 2866 Numinis
1728 2816 1988 2885 gubernio
2029 2821 2206 2872 omnia
2256 2823 2348 2873 bo·

1316 2911 1384 2944 na
1410 2893 1673 2957 tribuere,
1712 2907 1765 2946 et
1790 2893 2037 2959 credere,
2072 2901 2184 2970 ejus
2215 2922 2342 2972 pro-

1316 2971 1605 3024 videntiam
1626 2974 1779 3026 etiam
1806 2975 1982 3029 minus
2006 2978 2144 3030 bona
2167 2981 2339 3033 homi-

1317 3070 1448 3104 num
1475 3053 1692 3105 consilia
1713 3054 1767 3105 in
1792 3055 2011 3108 salutem
2032 3074 2341 3113 convertere

1316 3133 1501 3183 solere.
1527 3131 1593 3184 ld
1616 3133 1791 3203 ipsum
1816 3135 2073 3197 Romani,
2102 3143 2341 3209 quamvis

1317 3210 1555 3264 Gentiles
1570 3250 1586 3277 ,
1600 3212 1878 3267 faciebant.
1899 3216 1930 3266 J
1934 3235 2086 3269 ovem
2110 3221 2340 3291 appella-

1316 3303 1444 3342 runt
1479 3292 1738 3344 Pistor-em
1759 3333 1773 3357 ,
1815 3297 1963 3364 cujus
2003 3298 2217 3363 festum,
2259 3301 2339 3351 Vl

1316 3369 1398 3423 ld.
1418 3371 1450 3421 J
1456 3391 1547 3423 un.
1567 3372 1955 3439 celebrabatur,
1979 3377 2140 3430 Ovid.
2157 3418 2170 3440 ‚
2202 3379 2338 3432 Fast.

1319 3451 1421 3508 vlo
1454 3452 1587 3517 394.

1316 3538 1437 3576 Posse
1460 3537 1558 3576 fame
1584 3539 1684 3577 vinci
1698 3567 1708 3584 ‚
1726 3554 1813 3592 spes
1837 3543 1998 3580 excidit:
2017 3544 2127 3582 hoste
2148 3547 2304 3598 repulso
2319 3578 2328 3596 ,

1370 3610 1545 3649 Candida
1567 3610 1710 3649 Pistori
1729 3613 1893 3663 ponitur
1914 3628 1978 3653 ara
1999 3616 2024 3654 J
2029 3619 2103 3655 ovi.

1401 3699 1452 3754 4.
1496 3690 1801 3760 Adspiravit.
1825 3695 1928 3747 An.
1961 3697 2027 3748 U.
2065 3699 2192 3761 546.
2221 3701 2336 3753 Liv.

1318 3771 1561 3836 XXVII,
1580 3772 1881 3843 433Polyb.
1901 3775 1983 3840 113
2004 3776 2188 3830 Front.
2214 3779 2262 3844 Ι,
2291 3799 2335 3834 1.

1403 3852 1453 3903 5.
1479 3852 1700 3903 Alterum
1717 3892 1806 3906 .....
1833 3854 2048 3908 alterum.
2076 3856 2337 3912 Hannibal

1320 3945 1446 3983 tunc
1488 3932 1704 3982 Lucanos
1735 3945 1787 3984 et
1815 3934 2010 3985 Brutios
2041 3940 2257 3991 vexabat
2282 3941 2336 3992 in

1321 4012 1562 4064 orientali
1585 4013 1747 4064 latere
1771 4013 1961 4077 halim,
1988 4013 2245 4072 Asdrubal
2275 4021 2339 4073 ab

1321 4109 1506 4144 occasu
1543 4091 1731 4142 Umbris
1757 4092 2077 4146 imminebat.

1930 4189 1971 4260 3
