<?xml version="1.0" encoding="UTF-8"?>
<!DOCTYPE html PUBLIC "-//W3C//DTD XHTML 1.0 Transitional//EN"
    "http://www.w3.org/TR/xhtml1/DTD/xhtml1-transitional.dtd">
<html xmlns="http://www.w3.org/1999/xhtml" xml:lang="en" lang="en">
 <head>
  <title>
</title>
<meta http-equiv="Content-Type" content="text/html;charset=utf-8" />
  <meta name='ocr-system' content='tesseract 3.04.00' />
  <meta name='ocr-capabilities' content='ocr_page ocr_carea ocr_par ocr_line ocrx_word'/>
</head>
<body>
  <div class='ocr_page' id='page_1' title='image "./valeriusmaximus02lykogoog_0097.png"; bbox 0 0 3143 5204; ppageno 0'>
   <div class='ocr_carea' id='block_1_1' title="bbox 331 510 2280 603">
    <p class='ocr_par' dir='ltr' id='par_1_1' title="bbox 331 510 2280 603">
     <span class='ocr_line' id='line_1_1' title="bbox 331 510 2280 603; baseline 0.002 -23"><span class='ocrx_word' id='word_1_1' title='bbox 331 512 522 580; x_wconf 83' lang='lat' dir='ltr'><strong>CAP.</strong></span> <span class='ocrx_word' id='word_1_2' title='bbox 573 511 749 603; x_wconf 12' lang='lat' dir='ltr'><strong>nvn,</strong></span> <span class='ocrx_word' id='word_1_3' title='bbox 803 511 940 603; x_wconf 81' lang='lat' dir='ltr'><strong>DE</strong></span> <span class='ocrx_word' id='word_1_4' title='bbox 991 510 1331 577; x_wconf 74' lang='lat' dir='ltr'><strong>s‘mmo</strong></span> <span class='ocrx_word' id='word_1_5' title='bbox 1386 510 1499 576; x_wconf 87' lang='lat' dir='ltr'><strong>ET</strong></span> <span class='ocrx_word' id='word_1_6' title='bbox 1551 510 2071 577; x_wconf 74' lang='lat' dir='ltr'><strong>INDUSTRIA.</strong></span> <span class='ocrx_word' id='word_1_7' title='bbox 2185 514 2280 583; x_wconf 84' lang='lat'><strong>83</strong></span> 
     </span>
    </p>
   </div>
   <div class='ocr_carea' id='block_1_2' title="bbox 174 639 2284 842">
    <p class='ocr_par' dir='ltr' id='par_1_2' title="bbox 174 639 2284 842">
     <span class='ocr_line' id='line_1_2' title="bbox 174 639 2284 738; baseline 0.002 -28"><span class='ocrx_word' id='word_1_8' title='bbox 174 642 365 738; x_wconf 80' lang='lat' dir='ltr'><strong>plebis</strong></span> <span class='ocrx_word' id='word_1_9' title='bbox 390 667 592 737; x_wconf 77' lang='lat' dir='ltr'><strong>quam</strong></span> <span class='ocrx_word' id='word_1_10' title='bbox 636 656 893 710; x_wconf 86' lang='lat' dir='ltr'><strong>certum</strong></span> <span class='ocrx_word' id='word_1_11' title='bbox 916 640 932 663; x_wconf 86' lang='lat'>¹</span> <span class='ocrx_word' id='word_1_12' title='bbox 968 642 1180 710; x_wconf 89' lang='lat' dir='ltr'><strong>civem</strong></span> <span class='ocrx_word' id='word_1_13' title='bbox 1217 642 1358 735; x_wconf 83' lang='lat' dir='ltr'><strong>agit</strong></span> <span class='ocrx_word' id='word_1_14' title='bbox 1378 694 1397 727; x_wconf 89' lang='lat'>‚</span> <span class='ocrx_word' id='word_1_15' title='bbox 1431 665 1550 709; x_wconf 86' lang='lat' dir='ltr'><strong>sua</strong></span> <span class='ocrx_word' id='word_1_16' title='bbox 1582 639 1686 710; x_wconf 86' lang='lat' dir='ltr'><strong>lex</strong></span> <span class='ocrx_word' id='word_1_17' title='bbox 1721 667 1874 711; x_wconf 86' lang='lat' dir='ltr'><strong>eum</strong></span> <span class='ocrx_word' id='word_1_18' title='bbox 1911 642 2284 715; x_wconf 81' lang='lat' dir='ltr'><strong>domesticis</strong></span> 
     </span>
     <span class='ocr_line' id='line_1_3' title="bbox 175 747 1297 842; baseline -0.001 -26"><span class='ocrx_word' id='word_1_19' title='bbox 175 747 405 842; x_wconf 75' lang='lat' dir='ltr'>laqueis</span> <span class='ocrx_word' id='word_1_20' title='bbox 444 749 878 818; x_wconf 86' lang='lat' dir='ltr'><strong>constrictum</strong></span> <span class='ocrx_word' id='word_1_21' title='bbox 914 748 1297 842; x_wconf 82' lang='lat' dir='ltr'><strong>absumpsit.</strong></span> 
     </span>
    </p>
   </div>
   <div class='ocr_carea' id='block_1_3' title="bbox 828 941 1686 1032">
    <p class='ocr_par' dir='ltr' id='par_1_3' title="bbox 828 941 1686 1032">
     <span class='ocr_line' id='line_1_4' title="bbox 828 941 1686 1032; baseline -0.009 0"><span class='ocrx_word' id='word_1_22' title='bbox 828 941 1297 1032; x_wconf 91' lang='lat' dir='ltr'><strong>CAPUT</strong></span> <span class='ocrx_word' id='word_1_23' title='bbox 1384 941 1614 1027; x_wconf 89' lang='lat' dir='ltr'><strong>VII.</strong></span> <span class='ocrx_word' id='word_1_24' title='bbox 1683 965 1686 968; x_wconf 82' lang='grc'><em>·</em></span> 
     </span>
    </p>
   </div>
   <div class='ocr_carea' id='block_1_4' title="bbox 584 1124 1855 1190">
    <p class='ocr_par' dir='ltr' id='par_1_4' title="bbox 584 1124 1855 1190">
     <span class='ocr_line' id='line_1_5' title="bbox 584 1124 1855 1190; baseline -0.002 0"><span class='ocrx_word' id='word_1_25' title='bbox 584 1128 680 1190; x_wconf 79' lang='lat' dir='ltr'><strong>De</strong></span> <span class='ocrx_word' id='word_1_26' title='bbox 722 1126 927 1189; x_wconf 84' lang='lat' dir='ltr'><strong>studio</strong></span> <span class='ocrx_word' id='word_1_27' title='bbox 960 1137 1021 1188; x_wconf 82' lang='lat' dir='ltr'><strong>et</strong></span> <span class='ocrx_word' id='word_1_28' title='bbox 1054 1124 1370 1188; x_wconf 77' lang='lat' dir='ltr'><strong>industria</strong></span> <span class='ocrx_word' id='word_1_29' title='bbox 1409 1125 1855 1187; x_wconf 77' lang='lat' dir='ltr'><strong>Romanorum.</strong></span> 
     </span>
    </p>
   </div>
   <div class='ocr_carea' id='block_1_5' title="bbox 179 1299 2292 1537">
    <p class='ocr_par' dir='ltr' id='par_1_5' title="bbox 179 1299 2292 1537">
     <span class='ocr_line' id='line_1_6' title="bbox 179 1299 2285 1361; baseline 0.001 -15"><span class='ocrx_word' id='word_1_30' title='bbox 179 1316 213 1346; x_wconf 84' lang='grc' dir='ltr'><strong>ι.</strong></span> <span class='ocrx_word' id='word_1_31' title='bbox 236 1302 300 1348; x_wconf 75' lang='lat'><strong>11.</strong></span> <span class='ocrx_word' id='word_1_32' title='bbox 330 1302 526 1349; x_wconf 68' lang='lat' dir='ltr'><strong>Cntonis</strong></span> <span class='ocrx_word' id='word_1_33' title='bbox 549 1301 833 1361; x_wconf 76' lang='lat' dir='ltr'><strong>mjoiis.—</strong></span> <span class='ocrx_word' id='word_1_34' title='bbox 861 1316 908 1346; x_wconf 66' lang='grc' dir='ltr'><strong>α.</strong></span> <span class='ocrx_word' id='word_1_35' title='bbox 936 1302 1005 1346; x_wconf 82' lang='grc' dir='ltr'><strong>Μ.</strong></span> <span class='ocrx_word' id='word_1_36' title='bbox 1037 1301 1225 1348; x_wconf 71' lang='lat' dir='ltr'><strong>Catonis</strong></span> <span class='ocrx_word' id='word_1_37' title='bbox 1256 1299 1507 1346; x_wconf 68' lang='lat' dir='ltr'><strong>Uticensis.</strong></span> <span class='ocrx_word' id='word_1_38' title='bbox 1524 1326 1587 1335; x_wconf 94' lang='lat'><strong>—</strong></span> <span class='ocrx_word' id='word_1_39' title='bbox 1604 1300 1647 1346; x_wconf 82' lang='lat'><strong>3.</strong></span> <span class='ocrx_word' id='word_1_40' title='bbox 1662 1303 1730 1347; x_wconf 75' lang='lat' dir='ltr'><strong>M.</strong></span> <span class='ocrx_word' id='word_1_41' title='bbox 1749 1302 1955 1347; x_wconf 77' lang='lat' dir='ltr'><strong>Terentii</strong></span> <span class='ocrx_word' id='word_1_42' title='bbox 1979 1304 2285 1351; x_wconf 64' lang='lat' dir='ltr'><strong>Varronis..-</strong></span> 
     </span>
     <span class='ocr_line' id='line_1_7' title="bbox 223 1379 2292 1442; baseline 0.001 -15"><span class='ocrx_word' id='word_1_43' title='bbox 223 1388 265 1437; x_wconf 72' lang='grc'><strong>4.</strong></span> <span class='ocrx_word' id='word_1_44' title='bbox 284 1380 334 1427; x_wconf 87' lang='lat' dir='ltr'><strong>C.</strong></span> <span class='ocrx_word' id='word_1_45' title='bbox 357 1382 481 1428; x_wconf 79' lang='lat' dir='ltr'><strong>Livii</strong></span> <span class='ocrx_word' id='word_1_46' title='bbox 505 1381 655 1428; x_wconf 73' lang='lat' dir='ltr'><strong>Drusi</strong></span> <span class='ocrx_word' id='word_1_47' title='bbox 693 1407 756 1416; x_wconf 92' lang='lat'><strong>—-</strong></span> <span class='ocrx_word' id='word_1_48' title='bbox 779 1381 826 1427; x_wconf 86' lang='lat'><strong>5.</strong></span> <span class='ocrx_word' id='word_1_49' title='bbox 852 1380 998 1427; x_wconf 68' lang='lat' dir='ltr'><strong>Paulli</strong></span> <span class='ocrx_word' id='word_1_50' title='bbox 1025 1379 1249 1428; x_wconf 67' lang='lat' dir='ltr'><strong>senatoris</strong></span> <span class='ocrx_word' id='word_1_51' title='bbox 1284 1389 1334 1425; x_wconf 82' lang='lat' dir='ltr'><strong>et</strong></span> <span class='ocrx_word' id='word_1_52' title='bbox 1367 1379 1520 1425; x_wconf 81' lang='lat' dir='ltr'><strong>Pontii</strong></span> <span class='ocrx_word' id='word_1_53' title='bbox 1543 1380 1685 1442; x_wconf 81' lang='lat' dir='ltr'><strong>Lupi.</strong></span> <span class='ocrx_word' id='word_1_54' title='bbox 1715 1407 1779 1416; x_wconf 91' lang='lat'><strong>—-</strong></span> <span class='ocrx_word' id='word_1_55' title='bbox 1808 1381 1853 1426; x_wconf 88' lang='lat'><strong>6.</strong></span> <span class='ocrx_word' id='word_1_56' title='bbox 1891 1382 2042 1428; x_wconf 77' lang='lat' dir='ltr'><strong>Crassi</strong></span> <span class='ocrx_word' id='word_1_57' title='bbox 2074 1386 2292 1431; x_wconf 73' lang='lat' dir='ltr'><strong>Muciani.</strong></span> 
     </span>
     <span class='ocr_line' id='line_1_8' title="bbox 224 1460 853 1537; baseline 0 -32"><span class='ocrx_word' id='word_1_58' title='bbox 224 1484 280 1537; x_wconf 42' lang='grc' dir='ltr'><strong>ᾗ</strong></span> <span class='ocrx_word' id='word_1_59' title='bbox 297 1474 339 1519; x_wconf 77' lang='lat'><strong>7.</strong></span> <span class='ocrx_word' id='word_1_60' title='bbox 363 1463 424 1518; x_wconf 90' lang='lat' dir='ltr'><strong>Q.</strong></span> <span class='ocrx_word' id='word_1_61' title='bbox 451 1461 618 1507; x_wconf 74' lang='lat' dir='ltr'><strong>Roscii</strong></span> <span class='ocrx_word' id='word_1_62' title='bbox 641 1460 853 1507; x_wconf 82' lang='lat' dir='ltr'><strong>eomoedi.</strong></span> 
     </span>
    </p>
   </div>
   <div class='ocr_carea' id='block_1_6' title="bbox 568 1591 1837 1659">
    <p class='ocr_par' dir='ltr' id='par_1_6' title="bbox 568 1591 1837 1659">
     <span class='ocr_line' id='line_1_9' title="bbox 568 1591 1837 1659; baseline 0.001 -1"><span class='ocrx_word' id='word_1_63' title='bbox 568 1594 661 1658; x_wconf 80' lang='lat' dir='ltr'><strong>De</strong></span> <span class='ocrx_word' id='word_1_64' title='bbox 698 1593 905 1657; x_wconf 79' lang='lat' dir='ltr'><strong>studio</strong></span> <span class='ocrx_word' id='word_1_65' title='bbox 936 1607 997 1657; x_wconf 80' lang='lat' dir='ltr'><strong>et</strong></span> <span class='ocrx_word' id='word_1_66' title='bbox 1029 1591 1349 1656; x_wconf 78' lang='lat' dir='ltr'><strong>industria</strong></span> <span class='ocrx_word' id='word_1_67' title='bbox 1377 1594 1837 1659; x_wconf 70' lang='lat' dir='ltr'><strong>Extat-norum.</strong></span> 
     </span>
    </p>
   </div>
   <div class='ocr_carea' id='block_1_7' title="bbox 183 1747 2300 2217">
    <p class='ocr_par' dir='ltr' id='par_1_7' title="bbox 183 1747 2300 2217">
     <span class='ocr_line' id='line_1_10' title="bbox 183 1747 2299 1808; baseline 0.002 -13"><span class='ocrx_word' id='word_1_68' title='bbox 183 1764 215 1795; x_wconf 78' lang='grc' dir='ltr'><strong>ι.</strong></span> <span class='ocrx_word' id='word_1_69' title='bbox 237 1750 566 1798; x_wconf 69' lang='lat' dir='ltr'><strong>Demosthenis</strong></span> <span class='ocrx_word' id='word_1_70' title='bbox 589 1748 902 1796; x_wconf 69' lang='lat' dir='ltr'><strong>&#39;atheniemis.</strong></span> <span class='ocrx_word' id='word_1_71' title='bbox 925 1773 986 1783; x_wconf 89' lang='lat'>—</span> <span class='ocrx_word' id='word_1_72' title='bbox 1010 1761 1055 1793; x_wconf 84' lang='lat'><strong>2.</strong></span> <span class='ocrx_word' id='word_1_73' title='bbox 1083 1747 1356 1808; x_wconf 69' lang='lat' dir='ltr'><strong>Pythagorae</strong></span> <span class='ocrx_word' id='word_1_74' title='bbox 1405 1749 1550 1793; x_wconf 71' lang='lat' dir='ltr'><strong>samii.</strong></span> <span class='ocrx_word' id='word_1_75' title='bbox 1583 1775 1643 1784; x_wconf 92' lang='lat'><strong>-—</strong></span> <span class='ocrx_word' id='word_1_76' title='bbox 1675 1748 1719 1794; x_wconf 84' lang='lat'><strong>3.</strong></span> <span class='ocrx_word' id='word_1_77' title='bbox 1752 1751 1955 1796; x_wconf 70' lang='lat' dir='ltr'><strong>Platonis</strong></span> <span class='ocrx_word' id='word_1_78' title='bbox 1995 1752 2299 1801; x_wconf 66' lang='lat' dir='ltr'><strong>atheniensis.</strong></span> 
     </span>
     <span class='ocr_line' id='line_1_11' title="bbox 227 1827 2295 1892; baseline 0.001 -14"><span class='ocrx_word' id='word_1_79' title='bbox 227 1857 284 1867; x_wconf 92' lang='lat'>-</span> <span class='ocrx_word' id='word_1_80' title='bbox 298 1838 343 1887; x_wconf 66' lang='grc' dir='ltr'><strong>ι.</strong></span> <span class='ocrx_word' id='word_1_81' title='bbox 361 1831 630 1878; x_wconf 80' lang='lat' dir='ltr'><strong>Democriti</strong></span> <span class='ocrx_word' id='word_1_82' title='bbox 661 1829 898 1876; x_wconf 64' lang='lat' dir='ltr'><strong>abdet-itm.</strong></span> <span class='ocrx_word' id='word_1_83' title='bbox 923 1854 984 1864; x_wconf 95' lang='lat'>—</span> <span class='ocrx_word' id='word_1_84' title='bbox 1010 1827 1055 1874; x_wconf 83' lang='lat'><strong>5.</strong></span> <span class='ocrx_word' id='word_1_85' title='bbox 1080 1827 1329 1874; x_wconf 70' lang='lat' dir='ltr'><strong>Carneadis</strong></span> <span class='ocrx_word' id='word_1_86' title='bbox 1369 1830 1580 1888; x_wconf 74' lang='lat' dir='ltr'><strong>cyrenaei.</strong></span> <span class='ocrx_word' id='word_1_87' title='bbox 1598 1854 1660 1863; x_wconf 91' lang='lat'><strong>—-</strong></span> <span class='ocrx_word' id='word_1_88' title='bbox 1681 1829 1727 1875; x_wconf 84' lang='lat'><strong>6.</strong></span> <span class='ocrx_word' id='word_1_89' title='bbox 1753 1833 2035 1892; x_wconf 68' lang='lat' dir='ltr'><strong>Anaxagorae</strong></span> <span class='ocrx_word' id='word_1_90' title='bbox 2069 1832 2295 1880; x_wconf 76' lang='lat' dir='ltr'><strong>clazome-</strong></span> 
     </span>
     <span class='ocr_line' id='line_1_12' title="bbox 227 1908 2297 1972; baseline 0.001 -16"><span class='ocrx_word' id='word_1_91' title='bbox 227 1909 302 1956; x_wconf 62' lang='grc' dir='ltr'><strong>αἶ.</strong></span> <span class='ocrx_word' id='word_1_92' title='bbox 319 1938 379 1946; x_wconf 86' lang='grc'>-</span> <span class='ocrx_word' id='word_1_93' title='bbox 401 1926 450 1971; x_wconf 86' lang='lat'><strong>7.</strong></span> <span class='ocrx_word' id='word_1_94' title='bbox 473 1910 766 1957; x_wconf 74' lang='lat' dir='ltr'><strong>Archimedis</strong></span> <span class='ocrx_word' id='word_1_95' title='bbox 798 1908 1035 1968; x_wconf 73' lang='lat' dir='ltr'><strong>syracusii.</strong></span> <span class='ocrx_word' id='word_1_96' title='bbox 1062 1934 1120 1942; x_wconf 94' lang='lat'><em>-</em></span> <span class='ocrx_word' id='word_1_97' title='bbox 1140 1908 1185 1954; x_wconf 88' lang='lat'><strong>8.</strong></span> <span class='ocrx_word' id='word_1_98' title='bbox 1205 1908 1407 1954; x_wconf 70' lang='lat' dir='ltr'><strong>Socratis</strong></span> <span class='ocrx_word' id='word_1_99' title='bbox 1448 1908 1745 1956; x_wconf 48' lang='lat' dir='ltr'><strong>atheniensi&amp;</strong></span> <span class='ocrx_word' id='word_1_100' title='bbox 1769 1937 1830 1945; x_wconf 91' lang='lat'>—</span> <span class='ocrx_word' id='word_1_101' title='bbox 1848 1927 1893 1972; x_wconf 83' lang='lat'><strong>9.</strong></span> <span class='ocrx_word' id='word_1_102' title='bbox 1923 1913 2138 1959; x_wconf 70' lang='lat' dir='ltr'><strong>Isocratis</strong></span> <span class='ocrx_word' id='word_1_103' title='bbox 2169 1915 2297 1958; x_wconf 63' lang='lat' dir='ltr'><strong>uthe-</strong></span> 
     </span>
     <span class='ocr_line' id='line_1_13' title="bbox 230 1987 2300 2054; baseline -0.001 -17"><span class='ocrx_word' id='word_1_104' title='bbox 230 1991 408 2037; x_wconf 70' lang='lat' dir='ltr'><strong>niensis.</strong></span> <span class='ocrx_word' id='word_1_105' title='bbox 439 2016 501 2026; x_wconf 87' lang='grc'>-</span> <span class='ocrx_word' id='word_1_106' title='bbox 531 2005 605 2037; x_wconf 81' lang='lat'><strong>10.</strong></span> <span class='ocrx_word' id='word_1_107' title='bbox 633 1988 885 2049; x_wconf 78' lang='lat' dir='ltr'><strong>Chrysippi</strong></span> <span class='ocrx_word' id='word_1_108' title='bbox 922 1987 1189 2032; x_wconf 76' lang='lat' dir='ltr'><strong>tharsensis.</strong></span> <span class='ocrx_word' id='word_1_109' title='bbox 1224 2013 1286 2021; x_wconf 89' lang='lat'><em>—</em></span> <span class='ocrx_word' id='word_1_110' title='bbox 1321 2003 1392 2033; x_wconf 75' lang='grc' dir='ltr'><strong>ιι.</strong></span> <span class='ocrx_word' id='word_1_111' title='bbox 1429 1988 1665 2033; x_wconf 72' lang='lat' dir='ltr'><strong>Cleanthis</strong></span> <span class='ocrx_word' id='word_1_112' title='bbox 1698 1989 1819 2045; x_wconf 68' lang='lat' dir='ltr'><strong>assii.</strong></span> <span class='ocrx_word' id='word_1_113' title='bbox 1852 2017 1912 2054; x_wconf 47' lang='grc' dir='ltr'><strong>χ-</strong></span> <span class='ocrx_word' id='word_1_114' title='bbox 1951 2007 2022 2037; x_wconf 77' lang='lat'><strong>12.</strong></span> <span class='ocrx_word' id='word_1_115' title='bbox 2057 1993 2300 2053; x_wconf 86' lang='lat' dir='ltr'><strong>Sophoclis</strong></span> 
     </span>
     <span class='ocr_line' id='line_1_14' title="bbox 227 2066 2296 2119; baseline 0 -4"><span class='ocrx_word' id='word_1_116' title='bbox 227 2070 520 2117; x_wconf 59' lang='lat' dir='ltr'><strong>tamniensis.</strong></span> <span class='ocrx_word' id='word_1_117' title='bbox 545 2094 608 2104; x_wconf 90' lang='lat'><em>—</em></span> <span class='ocrx_word' id='word_1_118' title='bbox 634 2068 704 2115; x_wconf 77' lang='lat'><strong>¹3.</strong></span> <span class='ocrx_word' id='word_1_119' title='bbox 731 2066 980 2115; x_wconf 73' lang='lat' dir='ltr'><strong>Simonidis</strong></span> <span class='ocrx_word' id='word_1_120' title='bbox 1012 2066 1117 2112; x_wconf 84' lang='lat' dir='ltr'><strong>ceii.</strong></span> <span class='ocrx_word' id='word_1_121' title='bbox 1134 2091 1196 2100; x_wconf 88' lang='lat'><strong>——</strong></span> <span class='ocrx_word' id='word_1_122' title='bbox 1223 2072 1295 2119; x_wconf 74' lang='lat'><strong>14.</strong></span> <span class='ocrx_word' id='word_1_123' title='bbox 1320 2066 1504 2112; x_wconf 73' lang='lat' dir='ltr'><strong>Solonis</strong></span> <span class='ocrx_word' id='word_1_124' title='bbox 1538 2067 1831 2114; x_wconf 70' lang='lat' dir='ltr'><strong>atheniensis.</strong></span> <span class='ocrx_word' id='word_1_125' title='bbox 1856 2095 1917 2103; x_wconf 89' lang='lat'><strong>—-—</strong></span> <span class='ocrx_word' id='word_1_126' title='bbox 1948 2070 2016 2116; x_wconf 82' lang='lat'><strong>15.</strong></span> <span class='ocrx_word' id='word_1_127' title='bbox 2036 2072 2296 2116; x_wconf 81' lang='lat' dir='ltr'><strong>Themisto-</strong></span> 
     </span>
     <span class='ocr_line' id='line_1_15' title="bbox 231 2145 1569 2217; baseline -0.003 -21"><span class='ocrx_word' id='word_1_128' title='bbox 231 2150 305 2196; x_wconf 67' lang='lat' dir='ltr'><strong>dia</strong></span> <span class='ocrx_word' id='word_1_129' title='bbox 325 2150 634 2217; x_wconf 65' lang='lat' dir='ltr'><strong>atheniensis.</strong></span> <span class='ocrx_word' id='word_1_130' title='bbox 657 2175 718 2184; x_wconf 91' lang='lat'><strong>—-</strong></span> <span class='ocrx_word' id='word_1_131' title='bbox 747 2147 816 2195; x_wconf 73' lang='lat'><strong>16.</strong></span> <span class='ocrx_word' id='word_1_132' title='bbox 843 2147 955 2208; x_wconf 74' lang='lat' dir='ltr'><strong>Cyri</strong></span> <span class='ocrx_word' id='word_1_133' title='bbox 977 2156 1025 2193; x_wconf 87' lang='lat' dir='ltr'><strong>et</strong></span> <span class='ocrx_word' id='word_1_134' title='bbox 1049 2145 1360 2202; x_wconf 71' lang='lat' dir='ltr'><strong>Mithridatis,</strong></span> <span class='ocrx_word' id='word_1_135' title='bbox 1390 2161 1569 2209; x_wconf 75' lang='lat' dir='ltr'><strong>regum.</strong></span> 
     </span>
    </p>
   </div>
   <div class='ocr_carea' id='block_1_8' title="bbox 229 2268 2121 2368">
    <p class='ocr_par' dir='ltr' id='par_1_8' title="bbox 229 2268 2121 2368">
     <span class='ocr_line' id='line_1_16' title="bbox 229 2268 2121 2368; baseline -0.001 -12"><span class='ocrx_word' id='word_1_136' title='bbox 229 2268 236 2275; x_wconf 70' lang='grc'><strong>’</strong></span> <span class='ocrx_word' id='word_1_137' title='bbox 326 2303 442 2368; x_wconf 64' lang='grc' dir='ltr'><strong>ΒΕ</strong></span> <span class='ocrx_word' id='word_1_138' title='bbox 482 2299 819 2354; x_wconf 74' lang='lat' dir='ltr'><strong>srumo</strong></span> <span class='ocrx_word' id='word_1_139' title='bbox 858 2299 965 2351; x_wconf 84' lang='lat' dir='ltr'><strong>ET</strong></span> <span class='ocrx_word' id='word_1_140' title='bbox 1006 2296 1485 2350; x_wconf 83' lang='lat' dir='ltr'><strong>INDUSTRIA</strong></span> <span class='ocrx_word' id='word_1_141' title='bbox 1521 2297 2121 2354; x_wconf 75' lang='lat' dir='ltr'><strong>ROMANORUM.</strong></span> 
     </span>
    </p>
   </div>
   <div class='ocr_carea' id='block_1_9' title="bbox 188 2449 2300 3298">
    <p class='ocr_par' dir='ltr' id='par_1_9' title="bbox 188 2449 2300 3072">
     <span class='ocr_line' id='line_1_17' title="bbox 270 2449 2297 2545; baseline 0 -21"><span class='ocrx_word' id='word_1_142' title='bbox 270 2453 450 2545; x_wconf 83' lang='lat' dir='ltr'><strong>Quid</strong></span> <span class='ocrx_word' id='word_1_143' title='bbox 493 2478 680 2522; x_wconf 85' lang='lat' dir='ltr'><strong>cesso</strong></span> <span class='ocrx_word' id='word_1_144' title='bbox 710 2454 884 2520; x_wconf 83' lang='lat' dir='ltr'><strong>vires</strong></span> <span class='ocrx_word' id='word_1_145' title='bbox 913 2449 1251 2519; x_wconf 82' lang='lat' dir='ltr'><strong>industriae</strong></span> <span class='ocrx_word' id='word_1_146' title='bbox 1286 2450 1852 2520; x_wconf 84' lang='lat' dir='ltr'><strong>commemorare?</strong></span> <span class='ocrx_word' id='word_1_147' title='bbox 1876 2455 2064 2545; x_wconf 88' lang='lat' dir='ltr'><strong>cujus</strong></span> <span class='ocrx_word' id='word_1_148' title='bbox 2100 2455 2297 2525; x_wconf 82' lang='lat' dir='ltr'><strong>alacri</strong></span> 
     </span>
     <span class='ocr_line' id='line_1_18' title="bbox 188 2556 2297 2658; baseline 0 -26"><span class='ocrx_word' id='word_1_149' title='bbox 188 2563 395 2658; x_wconf 86' lang='lat' dir='ltr'><strong>spiritu</strong></span> <span class='ocrx_word' id='word_1_150' title='bbox 425 2559 676 2631; x_wconf 85' lang='lat' dir='ltr'><strong>militiae</strong></span> <span class='ocrx_word' id='word_1_151' title='bbox 706 2557 1028 2655; x_wconf 87' lang='lat' dir='ltr'><strong>stipendia</strong></span> <span class='ocrx_word' id='word_1_152' title='bbox 1054 2556 1454 2626; x_wconf 85' lang='lat' dir='ltr'><strong>roborantur</strong></span> <span class='ocrx_word' id='word_1_153' title='bbox 1473 2611 1493 2644; x_wconf 85' lang='lat'>,</span> <span class='ocrx_word' id='word_1_154' title='bbox 1522 2556 1802 2632; x_wconf 85' lang='lat' dir='ltr'><strong>forensis</strong></span> <span class='ocrx_word' id='word_1_155' title='bbox 1837 2556 2045 2654; x_wconf 86' lang='lat' dir='ltr'><strong>gloria</strong></span> <span class='ocrx_word' id='word_1_156' title='bbox 2075 2586 2297 2633; x_wconf 81' lang='lat' dir='ltr'><strong>accen-</strong></span> 
     </span>
     <span class='ocr_line' id='line_1_19' title="bbox 190 2663 2299 2764; baseline 0 -27"><span class='ocrx_word' id='word_1_157' title='bbox 190 2669 383 2755; x_wconf 83' lang='lat' dir='ltr'><strong>ditur,</strong></span> <span class='ocrx_word' id='word_1_158' title='bbox 427 2668 567 2736; x_wconf 85' lang='lat' dir='ltr'><strong>fido</strong></span> <span class='ocrx_word' id='word_1_159' title='bbox 604 2668 751 2736; x_wconf 88' lang='lat' dir='ltr'><strong>sinu</strong></span> <span class='ocrx_word' id='word_1_160' title='bbox 796 2679 1035 2735; x_wconf 86' lang='lat' dir='ltr'><strong>cuncta</strong></span> <span class='ocrx_word' id='word_1_161' title='bbox 1078 2663 1293 2733; x_wconf 84' lang='lat' dir='ltr'><strong>studia</strong></span> <span class='ocrx_word' id='word_1_162' title='bbox 1330 2679 1599 2757; x_wconf 85' lang='lat' dir='ltr'><strong>recepta</strong></span> <span class='ocrx_word' id='word_1_163' title='bbox 1634 2667 2058 2753; x_wconf 86' lang='lat' dir='ltr'><strong>nutriuntur,</strong></span> <span class='ocrx_word' id='word_1_164' title='bbox 2101 2672 2299 2764; x_wconf 86' lang='lat' dir='ltr'><strong>quid-</strong></span> 
     </span>
     <span class='ocr_line' id='line_1_20' title="bbox 188 2769 2298 2869; baseline 0 -25"><span class='ocrx_word' id='word_1_165' title='bbox 188 2777 322 2869; x_wconf 87' lang='lat' dir='ltr'><strong>quid</strong></span> <span class='ocrx_word' id='word_1_166' title='bbox 362 2776 627 2860; x_wconf 81' lang='lat' dir='ltr'><strong>animn,</strong></span> <span class='ocrx_word' id='word_1_167' title='bbox 663 2769 979 2866; x_wconf 85' lang='lat' dir='ltr'><strong>quidquid</strong></span> <span class='ocrx_word' id='word_1_168' title='bbox 1020 2795 1260 2859; x_wconf 83' lang='lat' dir='ltr'><strong>manu,</strong></span> <span class='ocrx_word' id='word_1_169' title='bbox 1297 2770 1615 2864; x_wconf 90' lang='lat' dir='ltr'><strong>quidquid</strong></span> <span class='ocrx_word' id='word_1_170' title='bbox 1651 2770 1874 2866; x_wconf 85' lang='lat' dir='ltr'><strong>lingua</strong></span> <span class='ocrx_word' id='word_1_171' title='bbox 1916 2774 2298 2845; x_wconf 79' lang='lat' dir='ltr'><strong>admirabile</strong></span> 
     </span>
     <span class='ocr_line' id='line_1_21' title="bbox 190 2876 2300 2974; baseline 0 -22"><span class='ocrx_word' id='word_1_172' title='bbox 190 2897 302 2970; x_wconf 83' lang='lat' dir='ltr'><strong>est,</strong></span> <span class='ocrx_word' id='word_1_173' title='bbox 330 2882 416 2951; x_wconf 88' lang='lat' dir='ltr'><strong>ad</strong></span> <span class='ocrx_word' id='word_1_174' title='bbox 453 2879 795 2950; x_wconf 89' lang='lat' dir='ltr'><strong>cumulum</strong></span> <span class='ocrx_word' id='word_1_175' title='bbox 827 2877 1036 2947; x_wconf 85' lang='lat' dir='ltr'><strong>laudis</strong></span> <span class='ocrx_word' id='word_1_176' title='bbox 1077 2876 1502 2971; x_wconf 83' lang='lat' dir='ltr'><strong>perducitur:</strong></span> <span class='ocrx_word' id='word_1_177' title='bbox 1535 2904 1680 2971; x_wconf 77' lang='lat' dir='ltr'><strong>quae</strong></span> <span class='ocrx_word' id='word_1_178' title='bbox 1716 2905 1921 2972; x_wconf 88' lang='lat' dir='ltr'><strong>quum</strong></span> <span class='ocrx_word' id='word_1_179' title='bbox 1960 2882 2300 2974; x_wconf 85' lang='lat' dir='ltr'><strong>perfectis-</strong></span> 
     </span>
     <span class='ocr_line' id='line_1_22' title="bbox 191 2983 1856 3072; baseline -0.005 -12"><span class='ocrx_word' id='word_1_180' title='bbox 191 2989 329 3060; x_wconf 74' lang='lat' dir='ltr'><strong>sima</strong></span> <span class='ocrx_word' id='word_1_181' title='bbox 366 2991 454 3058; x_wconf 85' lang='lat' dir='ltr'><strong>sit</strong></span> <span class='ocrx_word' id='word_1_182' title='bbox 487 2989 739 3072; x_wconf 78' lang='lat' dir='ltr'><strong>virtuS‚</strong></span> <span class='ocrx_word' id='word_1_183' title='bbox 779 2985 1173 3053; x_wconf 87' lang='lat' dir='ltr'><strong>duramento</strong></span> <span class='ocrx_word' id='word_1_184' title='bbox 1218 2985 1319 3053; x_wconf 87' lang='lat' dir='ltr'><strong>sui</strong></span> <span class='ocrx_word' id='word_1_185' title='bbox 1361 2983 1856 3054; x_wconf 83' lang='lat' dir='ltr'><strong>confirmatur².</strong></span> 
     </span>
    </p>

    <p class='ocr_par' dir='ltr' id='par_1_10' title="bbox 191 3079 2296 3298">
     <span class='ocr_line' id='line_1_23' title="bbox 283 3079 2295 3186; baseline 0 -21"><span class='ocrx_word' id='word_1_186' title='bbox 283 3119 339 3165; x_wconf 91' lang='lat'><strong>1.</strong></span> <span class='ocrx_word' id='word_1_187' title='bbox 369 3098 544 3165; x_wconf 82' lang='lat' dir='ltr'><strong>Cato</strong></span> <span class='ocrx_word' id='word_1_188' title='bbox 573 3106 829 3162; x_wconf 85' lang='lat' dir='ltr'><strong>sextum</strong></span> <span class='ocrx_word' id='word_1_189' title='bbox 857 3106 925 3159; x_wconf 85' lang='lat' dir='ltr'><strong>et</strong></span> <span class='ocrx_word' id='word_1_190' title='bbox 960 3091 1433 3186; x_wconf 84' lang='lat' dir='ltr'><strong>octogesimum</strong></span> <span class='ocrx_word' id='word_1_191' title='bbox 1465 3115 1712 3159; x_wconf 86' lang='lat' dir='ltr'><strong>annum</strong></span> <span class='ocrx_word' id='word_1_192' title='bbox 1742 3116 1944 3186; x_wconf 84' lang='lat' dir='ltr'><strong>agens</strong></span> <span class='ocrx_word' id='word_1_193' title='bbox 1963 3079 2010 3176; x_wconf 83' lang='lat'><strong>³,</strong></span> <span class='ocrx_word' id='word_1_194' title='bbox 2043 3095 2200 3163; x_wconf 86' lang='lat' dir='ltr'><strong>dum</strong></span> <span class='ocrx_word' id='word_1_195' title='bbox 2233 3099 2295 3165; x_wconf 90' lang='lat' dir='ltr'><strong>in</strong></span> 
     </span>
     <span class='ocr_line' id='line_1_24' title="bbox 191 3195 2296 3298; baseline 0 -27"><span class='ocrx_word' id='word_1_196' title='bbox 191 3200 505 3298; x_wconf 80' lang='lat' dir='ltr'><strong>republica</strong></span> <span class='ocrx_word' id='word_1_197' title='bbox 543 3198 788 3268; x_wconf 86' lang='lat' dir='ltr'><strong>tuenda</strong></span> <span class='ocrx_word' id='word_1_198' title='bbox 813 3195 1086 3292; x_wconf 87' lang='lat' dir='ltr'><strong>juvenili</strong></span> <span class='ocrx_word' id='word_1_199' title='bbox 1122 3197 1343 3266; x_wconf 86' lang='lat' dir='ltr'><strong>animo</strong></span> <span class='ocrx_word' id='word_1_200' title='bbox 1373 3211 1654 3290; x_wconf 85' lang='lat' dir='ltr'><strong>perstat,</strong></span> <span class='ocrx_word' id='word_1_201' title='bbox 1688 3198 1773 3265; x_wconf 82' lang='lat' dir='ltr'><strong>ab</strong></span> <span class='ocrx_word' id='word_1_202' title='bbox 1803 3200 2081 3269; x_wconf 85' lang='lat' dir='ltr'><strong>inimicis</strong></span> <span class='ocrx_word' id='word_1_203' title='bbox 2119 3206 2296 3297; x_wconf 85' lang='lat' dir='ltr'><strong>capi-</strong></span> 
     </span>
    </p>
   </div>
   <div class='ocr_carea' id='block_1_10' title="bbox 193 3369 2302 4243">
    <p class='ocr_par' dir='ltr' id='par_1_11' title="bbox 193 3369 2301 3687">
     <span class='ocr_line' id='line_1_25' title="bbox 259 3369 2301 3443; baseline -0.005 -13"><span class='ocrx_word' id='word_1_204' title='bbox 259 3372 996 3435; x_wconf 71' lang='lat' dir='ltr'><strong>1.Certum.Ve1-onensisfuit,</strong></span> <span class='ocrx_word' id='word_1_205' title='bbox 1018 3384 1070 3425; x_wconf 87' lang='lat' dir='ltr'><strong>et</strong></span> <span class='ocrx_word' id='word_1_206' title='bbox 1082 3374 1193 3443; x_wconf 85' lang='lat' dir='ltr'><strong>ejus</strong></span> <span class='ocrx_word' id='word_1_207' title='bbox 1282 3370 1408 3435; x_wconf 83' lang='lat' dir='ltr'><strong>erit,</strong></span> <span class='ocrx_word' id='word_1_208' title='bbox 1430 3369 1678 3440; x_wconf 83' lang='lat' dir='ltr'><strong>confirmat</strong></span> <span class='ocrx_word' id='word_1_209' title='bbox 1702 3371 1857 3424; x_wconf 81' lang='lat' dir='ltr'><strong>eam?</strong></span> <span class='ocrx_word' id='word_1_210' title='bbox 1884 3375 2044 3443; x_wconf 84' lang='lat' dir='ltr'><strong>Quam</strong></span> <span class='ocrx_word' id='word_1_211' title='bbox 2059 3385 2090 3426; x_wconf 65' lang='grc' dir='ltr'><em>Ρ</em></span> <span class='ocrx_word' id='word_1_212' title='bbox 2111 3397 2177 3430; x_wconf 74' lang='lat' dir='ltr'><strong>an</strong></span> <span class='ocrx_word' id='word_1_213' title='bbox 2200 3380 2301 3430; x_wconf 68' lang='lat' dir='ltr'><strong>lau-</strong></span> 
     </span>
     <span class='ocr_line' id='line_1_26' title="bbox 193 3450 2297 3528; baseline -0.004 -18"><span class='ocrx_word' id='word_1_214' title='bbox 193 3452 1192 3524; x_wconf 72' lang='lat' dir='ltr'><strong>jmcivitatisRom.obscurum.--Ab·</strong></span> <span class='ocrx_word' id='word_1_215' title='bbox 1281 3450 1427 3500; x_wconf 69' lang='lat' dir='ltr'><strong>dem?</strong></span> <span class='ocrx_word' id='word_1_216' title='bbox 1464 3469 1526 3501; x_wconf 86' lang='lat' dir='ltr'><strong>ea</strong></span> <span class='ocrx_word' id='word_1_217' title='bbox 1562 3450 1706 3502; x_wconf 87' lang='lat' dir='ltr'><strong>enim</strong></span> <span class='ocrx_word' id='word_1_218' title='bbox 1745 3470 1845 3503; x_wconf 85' lang='lat' dir='ltr'><strong>vox</strong></span> <span class='ocrx_word' id='word_1_219' title='bbox 1888 3455 2130 3524; x_wconf 84' lang='lat' dir='ltr'><strong>proxime</strong></span> <span class='ocrx_word' id='word_1_220' title='bbox 2165 3478 2297 3528; x_wconf 57' lang='grc' dir='ltr'><strong>ρης-</strong></span> 
     </span>
     <span class='ocr_line' id='line_1_27' title="bbox 194 3529 2299 3606; baseline 0 -18"><span class='ocrx_word' id='word_1_221' title='bbox 194 3541 381 3606; x_wconf 64' lang='lat' dir='ltr'><strong>nupsit.</strong></span> <span class='ocrx_word' id='word_1_222' title='bbox 411 3538 553 3588; x_wconf 89' lang='lat' dir='ltr'><strong>Dum</strong></span> <span class='ocrx_word' id='word_1_223' title='bbox 583 3532 896 3587; x_wconf 82' lang='lat' dir='ltr'><strong>seditionem</strong></span> <span class='ocrx_word' id='word_1_224' title='bbox 928 3532 1188 3596; x_wconf 83' lang='lat' dir='ltr'><strong>concitat,</strong></span> <span class='ocrx_word' id='word_1_225' title='bbox 1279 3529 1459 3594; x_wconf 76' lang='lat' dir='ltr'><strong>cessit3</strong></span> <span class='ocrx_word' id='word_1_226' title='bbox 1483 3549 1653 3600; x_wconf 78' lang='lat' dir='ltr'><strong>nugae.</strong></span> <span class='ocrx_word' id='word_1_227' title='bbox 1682 3529 1749 3584; x_wconf 91' lang='lat' dir='ltr'><strong>Id</strong></span> <span class='ocrx_word' id='word_1_228' title='bbox 1783 3532 1927 3597; x_wconf 80' lang='lat' dir='ltr'><strong>vult,</strong></span> <span class='ocrx_word' id='word_1_229' title='bbox 1959 3534 2299 3602; x_wconf 85' lang='lat' dir='ltr'><strong>industriam,</strong></span> 
     </span>
     <span class='ocr_line' id='line_1_28' title="bbox 193 3610 2299 3687; baseline 0 -18"><span class='ocrx_word' id='word_1_230' title='bbox 193 3613 638 3687; x_wconf 68' lang='lat' dir='ltr'><strong>kgcopprimitur.</strong></span> <span class='ocrx_word' id='word_1_231' title='bbox 1279 3629 1444 3681; x_wconf 88' lang='lat' dir='ltr'><strong>quum</strong></span> <span class='ocrx_word' id='word_1_232' title='bbox 1467 3611 1533 3663; x_wconf 86' lang='lat' dir='ltr'><strong>sit</strong></span> <span class='ocrx_word' id='word_1_233' title='bbox 1551 3610 1926 3681; x_wconf 75' lang='lat' dir='ltr'><strong>perfectissima</strong></span> <span class='ocrx_word' id='word_1_234' title='bbox 1949 3614 2117 3668; x_wconf 79' lang='lat' dir='ltr'><strong>virtus</strong></span> <span class='ocrx_word' id='word_1_235' title='bbox 2131 3657 2145 3678; x_wconf 93' lang='lat'><strong>‚</strong></span> <span class='ocrx_word' id='word_1_236' title='bbox 2185 3619 2299 3687; x_wconf 84' lang='lat' dir='ltr'><strong>ipso</strong></span> 
     </span>
    </p>

    <p class='ocr_par' dir='ltr' id='par_1_12' title="bbox 193 3690 2302 4243">
     <span class='ocr_line' id='line_1_29' title="bbox 260 3690 2296 3763; baseline -0.001 -14"><span class='ocrx_word' id='word_1_237' title='bbox 260 3690 1187 3762; x_wconf 71' lang='lat' dir='ltr'><strong>².Duramemosuiconfinnatur.Pigh.</strong></span> <span class='ocrx_word' id='word_1_238' title='bbox 1279 3691 1360 3742; x_wconf 86' lang='lat' dir='ltr'><strong>sui</strong></span> <span class='ocrx_word' id='word_1_239' title='bbox 1389 3690 1584 3742; x_wconf 87' lang='lat' dir='ltr'><strong>robore</strong></span> <span class='ocrx_word' id='word_1_240' title='bbox 1597 3729 1612 3755; x_wconf 90' lang='lat'>,</span> <span class='ocrx_word' id='word_1_241' title='bbox 1640 3691 1723 3742; x_wconf 83' lang='lat' dir='ltr'><strong>vel</strong></span> <span class='ocrx_word' id='word_1_242' title='bbox 1747 3691 1857 3743; x_wconf 85' lang='lat' dir='ltr'><strong>dum</strong></span> <span class='ocrx_word' id='word_1_243' title='bbox 1879 3714 1928 3744; x_wconf 84' lang='lat' dir='ltr'><strong>se</strong></span> <span class='ocrx_word' id='word_1_244' title='bbox 1948 3698 2052 3763; x_wconf 76' lang='lat' dir='ltr'><strong>ipsa</strong></span> <span class='ocrx_word' id='word_1_245' title='bbox 2078 3696 2296 3760; x_wconf 80' lang='lat' dir='ltr'><strong>obdurat,</strong></span> 
     </span>
     <span class='ocr_line' id='line_1_30' title="bbox 194 3769 2302 3846; baseline -0.003 -20"><span class='ocrx_word' id='word_1_246' title='bbox 194 3793 279 3826; x_wconf 65' lang='lat' dir='ltr'><strong>nn</strong></span> <span class='ocrx_word' id='word_1_247' title='bbox 308 3789 460 3827; x_wconf 77' lang='lat' dir='ltr'><strong>tamen</strong></span> <span class='ocrx_word' id='word_1_248' title='bbox 497 3774 777 3826; x_wconf 75' lang='lat' dir='ltr'><strong>duramento</strong></span> <span class='ocrx_word' id='word_1_249' title='bbox 809 3777 887 3823; x_wconf 76' lang='lat' dir='ltr'><strong>sui</strong></span> <span class='ocrx_word' id='word_1_250' title='bbox 916 3769 1186 3839; x_wconf 59' lang='lat' dir='ltr'><strong>confirmat,</strong></span> <span class='ocrx_word' id='word_1_251' title='bbox 1281 3769 1702 3823; x_wconf 77' lang='lat' dir='ltr'><strong>confirmari.Sic</strong></span> <span class='ocrx_word' id='word_1_252' title='bbox 1719 3771 2059 3836; x_wconf 80' lang='lat' dir='ltr'><strong>duramentum,</strong></span> <span class='ocrx_word' id='word_1_253' title='bbox 2082 3794 2188 3846; x_wconf 88' lang='lat' dir='ltr'><strong>quo</strong></span> <span class='ocrx_word' id='word_1_254' title='bbox 2207 3775 2302 3829; x_wconf 83' lang='lat' dir='ltr'><strong>du.</strong></span> 
     </span>
     <span class='ocr_line' id='line_1_31' title="bbox 196 3850 2296 3926; baseline -0 -18"><span class='ocrx_word' id='word_1_255' title='bbox 196 3854 478 3924; x_wconf 62' lang='lat' dir='ltr'><strong>quodsolus</strong></span> <span class='ocrx_word' id='word_1_256' title='bbox 499 3853 641 3906; x_wconf 84' lang='lat' dir='ltr'><strong>Ultr.</strong></span> <span class='ocrx_word' id='word_1_257' title='bbox 660 3853 814 3925; x_wconf 80' lang='lat' dir='ltr'><strong>prim.</strong></span> <span class='ocrx_word' id='word_1_258' title='bbox 839 3850 1034 3903; x_wconf 86' lang='lat' dir='ltr'><strong>habet:</strong></span> <span class='ocrx_word' id='word_1_259' title='bbox 1064 3850 1186 3902; x_wconf 88' lang='lat' dir='ltr'><strong>reli·</strong></span> <span class='ocrx_word' id='word_1_260' title='bbox 1280 3862 1428 3902; x_wconf 79' lang='lat' dir='ltr'><strong>ratur</strong></span> <span class='ocrx_word' id='word_1_261' title='bbox 1467 3862 1520 3902; x_wconf 88' lang='lat' dir='ltr'><strong>et</strong></span> <span class='ocrx_word' id='word_1_262' title='bbox 1562 3850 1907 3904; x_wconf 81' lang='lat' dir='ltr'><strong>confirmatur</strong></span> <span class='ocrx_word' id='word_1_263' title='bbox 1950 3853 2180 3926; x_wconf 85' lang='lat' dir='ltr'><strong>aliquid,</strong></span> <span class='ocrx_word' id='word_1_264' title='bbox 2214 3858 2296 3919; x_wconf 92' lang='lat'><strong>11,</strong></span> 
     </span>
     <span class='ocr_line' id='line_1_32' title="bbox 196 3930 1471 4006; baseline -0.005 -19"><span class='ocrx_word' id='word_1_265' title='bbox 196 3935 270 4003; x_wconf 77' lang='lat' dir='ltr'><strong>qui</strong></span> <span class='ocrx_word' id='word_1_266' title='bbox 287 3954 463 3987; x_wconf 79' lang='lat' dir='ltr'><strong>omnes</strong></span> <span class='ocrx_word' id='word_1_267' title='bbox 487 3933 774 4006; x_wconf 75' lang='lat' dir='ltr'><strong>praeferunt</strong></span> <span class='ocrx_word' id='word_1_268' title='bbox 790 3930 1069 3984; x_wconf 84' lang='lat' dir='ltr'><strong>lectionem</strong></span> <span class='ocrx_word' id='word_1_269' title='bbox 1083 3969 1098 3994; x_wconf 87' lang='lat'>,</span> <span class='ocrx_word' id='word_1_270' title='bbox 1115 3933 1191 3981; x_wconf 84' lang='lat' dir='ltr'><strong>sui</strong></span> <span class='ocrx_word' id='word_1_271' title='bbox 1281 3949 1311 3998; x_wconf 92' lang='lat'><em>7</em></span> <span class='ocrx_word' id='word_1_272' title='bbox 1331 3969 1347 3994; x_wconf 94' lang='lat'>,</span> <span class='ocrx_word' id='word_1_273' title='bbox 1384 3948 1405 3981; x_wconf 86' lang='lat'>1</span> <span class='ocrx_word' id='word_1_274' title='bbox 1419 3949 1471 3981; x_wconf 93' lang='lat' dir='ltr'><strong>o.</strong></span> 
     </span>
     <span class='ocr_line' id='line_1_33' title="bbox 193 4008 2302 4083; baseline 0.002 -20"><span class='ocrx_word' id='word_1_275' title='bbox 193 4013 499 4082; x_wconf 70' lang='lat' dir='ltr'><strong>confirmatur,</strong></span> <span class='ocrx_word' id='word_1_276' title='bbox 539 4012 644 4066; x_wconf 75' lang='lat' dir='ltr'><strong>nisi</strong></span> <span class='ocrx_word' id='word_1_277' title='bbox 679 4008 823 4083; x_wconf 87' lang='lat' dir='ltr'><strong>quod</strong></span> <span class='ocrx_word' id='word_1_278' title='bbox 863 4029 998 4062; x_wconf 88' lang='lat' dir='ltr'><strong>unus</strong></span> <span class='ocrx_word' id='word_1_279' title='bbox 1035 4022 1192 4081; x_wconf 78' lang='lat' dir='ltr'><strong>atque</strong></span> <span class='ocrx_word' id='word_1_280' title='bbox 1363 4009 1414 4060; x_wconf 84' lang='lat'><strong>3.</strong></span> <span class='ocrx_word' id='word_1_281' title='bbox 1446 4009 1631 4078; x_wconf 76' lang='lat' dir='ltr'><strong>Agens.</strong></span> <span class='ocrx_word' id='word_1_282' title='bbox 1660 4015 1723 4062; x_wconf 81' lang='lat' dir='ltr'><strong>A.</strong></span> <span class='ocrx_word' id='word_1_283' title='bbox 1756 4012 1824 4063; x_wconf 91' lang='lat' dir='ltr'><strong>U.</strong></span> <span class='ocrx_word' id='word_1_284' title='bbox 1852 4015 1981 4072; x_wconf 68' lang='lat'><strong>604.</strong></span> <span class='ocrx_word' id='word_1_285' title='bbox 2014 4014 2151 4067; x_wconf 88' lang='lat' dir='ltr'><strong>Plin.</strong></span> <span class='ocrx_word' id='word_1_286' title='bbox 2178 4017 2302 4080; x_wconf 81' lang='lat' dir='ltr'>vll,</span> 
     </span>
     <span class='ocr_line' id='line_1_34' title="bbox 196 4088 2301 4163; baseline 0.002 -21"><span class='ocrx_word' id='word_1_287' title='bbox 196 4090 302 4145; x_wconf 81' lang='lat' dir='ltr'><strong>item</strong></span> <span class='ocrx_word' id='word_1_288' title='bbox 319 4097 464 4158; x_wconf 86' lang='lat' dir='ltr'><strong>alter,</strong></span> <span class='ocrx_word' id='word_1_289' title='bbox 483 4092 748 4162; x_wconf 79' lang='lat' dir='ltr'><strong>confirmat.</strong></span> <span class='ocrx_word' id='word_1_290' title='bbox 774 4088 1089 4144; x_wconf 83' lang='lat' dir='ltr'><strong>Emendatio</strong></span> <span class='ocrx_word' id='word_1_291' title='bbox 1107 4089 1195 4141; x_wconf 86' lang='lat' dir='ltr'><strong>Pi·</strong></span> <span class='ocrx_word' id='word_1_292' title='bbox 1288 4108 1377 4160; x_wconf 81' lang='lat'><strong>²7·</strong></span> <span class='ocrx_word' id='word_1_293' title='bbox 1417 4089 1530 4143; x_wconf 87' lang='lat' dir='ltr'><strong>Cic.</strong></span> <span class='ocrx_word' id='word_1_294' title='bbox 1559 4090 1755 4154; x_wconf 74' lang='lat' dir='ltr'><strong>Quaest.</strong></span> <span class='ocrx_word' id='word_1_295' title='bbox 1798 4089 2045 4143; x_wconf 81' lang='lat' dir='ltr'><strong>Academ.</strong></span> <span class='ocrx_word' id='word_1_296' title='bbox 2080 4094 2172 4146; x_wconf 84' lang='lat' dir='ltr'><strong>lib.</strong></span> <span class='ocrx_word' id='word_1_297' title='bbox 2202 4097 2301 4163; x_wconf 81' lang='lat' dir='ltr'><strong>IV,</strong></span> 
     </span>
     <span class='ocr_line' id='line_1_35' title="bbox 196 4167 1804 4243; baseline -0.006 -14"><span class='ocrx_word' id='word_1_298' title='bbox 196 4170 361 4240; x_wconf 69' lang='lat' dir='ltr'><strong>ghiana</strong></span> <span class='ocrx_word' id='word_1_299' title='bbox 390 4173 654 4226; x_wconf 78' lang='lat' dir='ltr'><strong>Tol-renio</strong></span> <span class='ocrx_word' id='word_1_300' title='bbox 684 4191 793 4225; x_wconf 85' lang='lat' dir='ltr'><strong>non</strong></span> <span class='ocrx_word' id='word_1_301' title='bbox 824 4172 1012 4243; x_wconf 82' lang='lat' dir='ltr'><strong>placet.</strong></span> <span class='ocrx_word' id='word_1_302' title='bbox 1046 4167 1194 4234; x_wconf 84' lang='lat' dir='ltr'><strong>Quid</strong></span> <span class='ocrx_word' id='word_1_303' title='bbox 1288 4189 1354 4234; x_wconf 73' lang='lat'><strong>²;</strong></span> <span class='ocrx_word' id='word_1_304' title='bbox 1393 4168 1445 4221; x_wconf 88' lang='lat' dir='ltr'><strong>in</strong></span> <span class='ocrx_word' id='word_1_305' title='bbox 1485 4170 1679 4232; x_wconf 86' lang='lat' dir='ltr'><strong>Bruto,</strong></span> <span class='ocrx_word' id='word_1_306' title='bbox 1715 4188 1804 4220; x_wconf 85' lang='lat'><strong>20.</strong></span> 
     </span>
    </p>
   </div>
   <div class='ocr_carea' id='block_1_11' title="bbox 1861 4276 1946 4346">
    <p class='ocr_par' dir='ltr' id='par_1_13' title="bbox 1861 4276 1946 4346">
     <span class='ocr_line' id='line_1_36' title="bbox 1861 4276 1946 4346; baseline 0 -46"><span class='ocrx_word' id='word_1_307' title='bbox 1861 4276 1946 4346; x_wconf 69' lang='lat'><strong>6.</strong></span> 
     </span>
    </p>
   </div>
  </div>
 </body>
</html>
