3143 5204
473 504 682 571 CAP.
740 503 893 588 XI,
948 504 1073 570 DE
1126 502 1668 571 IMPR..DICT.
1727 506 1840 570 ET
1895 505 2136 575 FACT.
2220 506 2348 578 181

241 633 418 702 t‘llud
460 638 527 700 si
572 654 762 727 aqua
813 655 952 700 non
990 646 1282 726 pomero
1304 685 1326 717 ,
1381 637 1583 727 minc}
1635 639 2066 728 exstinguam
2107 664 2122 704 ε
2165 630 2359 731 quem

240 739 401 834 quid
431 737 610 806 aliud
646 740 1126 824 existimemuS,
1159 762 1356 831 quam
1388 740 1803 808 conscientiae
1840 741 2113 810 stimulis
2142 758 2361 813 actum

240 870 281 913 a
316 869 388 914 se
420 845 805 913 inchoatum
841 842 1303 938 parricidium¹
1349 844 1725 939 peregisse?

350 982 420 1064 4.
464 980 976 1048 Consternatum
1029 978 1222 1046 etiam
1281 978 1488 1071 Magii
1540 977 1872 1049 Chilonis'
1919 981 2201 1050 amentia
2250 1006 2360 1077 pe-

240 1099 392 1154 ctus
415 1138 435 1172 ,
489 1085 601 1178 qui
659 1086 753 1152 M.
805 1082 1126 1152 Marcello
1169 1083 1398 1152 datum
1449 1107 1489 1151 a
1532 1086 1791 1154 Caesare
1841 1088 2140 1181 spiritum
2155 1072 2204 1174 ³,
2246 1112 2364 1156 sua

238 1215 447 1259 manu
476 1190 759 1285 eripuit:
803 1204 993 1259 vetus
1031 1191 1316 1277 amicus,
1352 1176 1455 1258 et⁴
1497 1192 1918 1285 Pompeianae
1959 1191 2204 1261 militiae
2243 1218 2362 1262 co-

240 1322 412 1384 mes,
457 1296 830 1390 indignatus
877 1295 1156 1390 aliquem
1200 1297 1566 1365 amicorum
1618 1297 1701 1366 ab
1745 1322 1825 1367 eo
1877 1299 1996 1368 sibi
2033 1298 2364 1393 praeferri,

241 1402 501 1471 Urbem
536 1404 711 1471 enim
749 1426 787 1469 a
818 1401 1180 1496 Mitylenis,
1217 1427 1351 1496 quo
1388 1427 1455 1472 se
1487 1402 1892 1491 contulerat,
1927 1419 2364 1499 repetentem,

241 1511 305 1576 in
350 1509 851 1577 Atheniensium
886 1523 1085 1603 portu
1123 1510 1411 1602 pugione
1446 1508 1776 1598 confodit,
1811 1512 2240 1606 protinusque
2281 1510 2363 1579 ad

241 1615 652 1684 irritamenta
707 1615 987 1683 vesaniae
1051 1639 1183 1685 suae
1244 1615 1631 1684 trucidanda
1691 1616 2004 1704 tetendit3
2066 1618 2366 1686 amicitiae

241 1720 483 1808 hostis»,
536 1720 740 1789 divini
782 1721 1081 1791 beneficii
1140 1723 1582 1817 interceptor,
1636 1721 1914 1818 publicae
1934 1709 1957 1746 ⁵
2001 1722 2367 1818 religionis,

241 1827 423 1920 quod
465 1826 550 1895 ad
591 1825 867 1897 salutem
904 1827 1247 1898 clarissimi
1292 1829 1450 1897 civis
1496 1828 2017 1924 recuperandam
2065 1831 2366 1917 attinuit,

239 1934 482 2003 acerba
521 1932 717 2003 labes.

354 2064 418 2137 5.
460 2071 650 2137 Hanc
686 2065 1174 2155 crudelitatem,
1224 2071 1328 2136 cui
1377 2067 1538 2138 nihil
1582 2068 1773 2162 adjici
1828 2094 2020 2165 posse
2070 2068 2367 2157 videtur,

240 2252 397 2305 Catil.
433 2253 525 2305 31.
556 2251 743 2306 Cicero
768 2271 870 2323 pro
903 2251 1127 2304 Murena
1164 2253 1256 2305 25.

328 2349 370 2383 1.
402 2332 738 2383 Parricidium.
774 2331 962 2384 Sensus
984 2344 1094 2384 est:
1117 2330 1257 2384 Cati·

238 2411 344 2462 lina
357 2450 373 2475 ,
397 2431 554 2481 quem
572 2411 769 2463 stimuli
792 2412 1031 2463 conscien
1040 2410 1122 2461 tiae
1139 2430 1257 2481 ege·

236 2503 357 2542 rant
371 2529 384 2556 ,
398 2510 489 2544 seu
503 2492 596 2562 qui
609 2492 717 2561 ipse
726 2509 917 2562 negare
930 2510 1039 2542 non
1052 2504 1260 2561 poterat

235 2571 432 2636 scelus,
450 2590 579 2624 voce
592 2570 935 2644 suaimproba
954 2569 1258 2625 inchoatum

236 2669 264 2701 a
286 2671 343 2703 se
366 2650 710 2723 parricidium
737 2651 955 2722 peregit.
983 2651 1260 2704 Manifeste

234 2742 587 2802 opponuntur
615 2732 883 2783 inchoatum
921 2744 973 2783 et
1001 2733 1257 2801 per-egisie.

235 2811 419 2864 Actum
453 2830 564 2864 non
600 2824 678 2864 est
708 2811 1125 2877 substantivum,
1166 2809 1260 2865 sed

233 2891 579 2962 participium
614 2888 950 2944 referendum
988 2888 1053 2943 ad
1089 2911 1254 2963 quem,

234 2971 437 3024 scilicet
464 2971 763 3025 Catilinam.
788 2970 939 3041 Pigh.
963 2982 1119 3022 actum
1151 2991 1182 3022 a
1208 2992 1257 3022 se

238 3052 451 3102 inchoati
454 3051 728 3121 parricidii,-
742 3051 922 3103 Vorst.
938 3063 1096 3101 actum
1110 3053 1255 3103 simu-

235 3131 419 3181 lucrm
457 3151 491 3181 a
528 3151 579 3182 se
613 3131 1129 3200 inchoatipanicidii;
1162 3129 1257 3183 sed

208 3211 544 3266 ,duniacum
573 3210 631 3262 in
652 3209 799 3262 MSS.
829 3228 937 3261 non
968 3210 1256 3277 invenitur,

236 3303 291 3342 et
313 3310 341 3342 a
367 3291 654 3361 glossatore
680 3290 792 3342 sine
820 3288 987 3342 dubio
1014 3287 1257 3342 additum

234 3383 333 3422 est.
369 3371 557 3441 Itaque
586 3369 828 3440 Kappius
852 3387 964 3422 non
995 3367 1258 3423 dubitavit

234 3450 519 3502 lectionem
537 3490 553 3514 ,
583 3468 704 3520 quae
730 3462 783 3501 et
804 3447 1012 3501 idoneis
1037 3449 1257 3502 testibus

236 3529 430 3582 nititur
455 3541 508 3581 et
530 3530 656 3582 huic
675 3529 793 3581 loco
810 3526 1059 3581 convenit
1071 3565 1087 3592 ,
1105 3546 1255 3581 revo-

235 3628 377 3662 care.
398 3607 526 3661 vid.
546 3628 628 3662 ex.
650 3612 714 3674 63
749 3608 818 3660 bis
833 3608 1111 3679 pan-icida,
1143 3627 1256 3660 con-

234 3689 350 3740 silio
373 3693 534 3758 prius,
565 3693 731 3740 iterum
756 3687 1040 3759 spectando.

321 3788 373 3821 a.
414 3768 649 3821 Chilonis.
685 3769 752 3821 A.
777 3769 846 3820 U.
886 3785 1020 3837 707.
1048 3766 1159 3820 Cic.
1190 3765 1258 3819 ad

237 3849 345 3900 Au.
388 3849 494 3913 133
539 3847 654 3900 Liv.
696 3848 865 3901 CXV.
908 3879 987 3890 —
1010 3847 1258 3900 Ameneia.

237 3928 359 3979 Non
398 3928 627 3980 amentia
659 3939 893 3992 tantum,
933 3925 1025 3980 sed
1056 3944 1258 3979 summa

236 4005 461 4076 perfidia
495 4021 549 4060 et
583 4007 964 4060 atrocissimum
1010 4007 1210 4059 facinus
1243 4024 1257 4058 :

238 4106 358 4138 nam
372 4087 579 4157 Magius
592 4107 646 4140 se
655 4087 889 4140 Marcelli
901 4087 1127 4140 amicum
1144 4105 1261 4156 pro·

237 4166 400 4219 fessus
430 4180 560 4220 erat.

1428 2253 1479 2306 3.
1500 2252 1745 2322 Spiritum.
1768 2252 1905 2305 Nam
1919 2252 2093 2305 Cosar
2102 2252 2362 2323 plurimo·

1345 2350 1466 2384 rum
1497 2345 1684 2403 rogatu
1713 2332 2021 2385 Marcellum
2051 2331 2107 2383 in
2142 2331 2365 2401 gratiam

1346 2430 1493 2463 suam
1516 2424 1798 2482 receperat.
1823 2409 1951 2463 vid.
1984 2410 2095 2463 Cic.
2119 2430 2173 2481 p.
2198 2412 2365 2464 Marc.

1345 2489 1449 2543 Sed
1478 2491 1591 2562 ipse
1620 2492 1673 2542 in
1702 2493 1923 2563 patriam
1950 2488 2127 2543 redire
2161 2490 2363 2551 noluit,

1345 2568 1489 2643 quod
1514 2570 1700 2624 maluit
1720 2572 1918 2643 ubique
1935 2571 2110 2635 exsul,
2131 2588 2289 2642 quam
2309 2571 2364 2624 in

1345 2652 1513 2721 patria
1543 2651 1657 2705 sine
1679 2651 1920 2704 libertate
1941 2651 2132 2704 vivere.
2158 2649 2366 2703 Dein'de

1345 2732 1637 2784 amicornm
1650 2732 1895 2804 precibus
1908 2744 2082 2784 motus
2092 2769 2108 2796 ,
2114 2732 2221 2802 jam
2231 2728 2368 2783 redi-

1348 2812 1494 2865 turus
1508 2813 1730 2865 Romam
1744 2825 1856 2865 erat
1868 2849 1883 2871 ,
1907 2830 2074 2884 quum
2090 2823 2368 2863 necaretur

1344 2892 1592 2964 pugione.
1626 2893 1832 2963 Magius
1859 2893 2002 2945 enim
2028 2889 2226 2944 invidia
2254 2903 2363 2943 tor«

1345 2972 1606 3041 quebatur
1625 3011 1639 3036 ‚
1701 2971 2011 3025 Marcellum
2067 2972 2367 3041 multosque

1345 3051 1473 3102 alios
1502 3072 1531 3104 a
1565 3052 1771 3104 Caesare
1797 3052 1956 3105 fuisse
1986 3052 2283 3115 restitutos,
2310 3069 2366 3103 se

1344 3131 1774 3200 proetermissutn.
1804 3162 1886 3173 -—-
1925 3132 2162 3202 Mitylene
2201 3129 2358 3183 Lesbi

1343 3210 1470 3261 urbs
1497 3223 1604 3272 est,
1633 3213 1778 3282 juxta
1802 3211 2186 3283 Methymnam.

1425 3296 1478 3352 4.
1495 3289 1551 3338 V
1543 3302 1647 3341 etus
1660 3294 1854 3352 amicus,
1871 3303 1933 3343 et.
1951 3290 2184 3360 Pighius,
2198 3307 2366 3360 quum

1344 3369 1398 3419 in
1412 3368 1612 3438 aliquot
1619 3368 1767 3422 MSS.
1780 3370 2063 3423 invenisset
2072 3382 2210 3422 utus
2220 3374 2364 3422 etiam

1343 3449 1651 3519 Pompeianoe
1665 3488 1679 3517 ,
1705 3447 1951 3502 audacter
1968 3451 2221 3520 expunxit
2242 3453 2363 3500 ami-

1344 3547 1459 3593 cus,
1482 3527 1629 3599 quod
1659 3528 1984 3600 aptissimum
2023 3543 2125 3594 est,
2157 3542 2210 3582 et
2235 3547 2361 3580 con·
2406 3567 2410 3574 .

1342 3620 1650 3661 sentaneum
1680 3609 1730 3661 ei
1753 3607 1899 3679 quod
1922 3609 2178 3680 sequitur,
2194 3611 2360 3659 ama‘ci-

1346 3690 1428 3739 tioe
1448 3688 1616 3741 Ιιοεεὶε.

1428 3768 1479 3820 5.
1504 3769 1736 3820 Publicoe.
1757 3768 1891 3820 Nam
1914 3766 2155 3821 Chilonis
2174 3766 2363 3837 impie-

1345 3859 1423 3898 tas
1449 3847 1504 3899 iu
1526 3847 1835 3900 Marcellum
1863 3845 1928 3899 ad
1952 3846 2213 3917 rempubl.
2240 3864 2361 3916 per-

1345 3927 1512 3979 tinere
1543 3925 1843 3992 videbatur,
1876 3927 1999 3998 qnia
2031 3926 2273 3978 universa
2294 3926 2367 3979 ci·

1345 4007 1478 4059 vitas
1495 4026 1597 4078 pro
1617 4007 1851 4059 Marcelli
1870 4007 2035 4059 salute
2049 4023 2363 4076 magnopere

1346 4087 1673 4139 laboraverat
1690 4126 1704 4152 ,
1744 4098 1967 4138 testante
2008 4084 2264 4138 Cicerone
2305 4085 2366 4141 in

1349 4178 1477 4218 orat.
1502 4185 1661 4237 quam
1686 4167 2107 4220 memoravimus.

1841 4259 1970 4342 ΗΓς
