3143 5204
821 498 961 584 146
1210 496 1620 563 VALERII
1678 496 2087 563 MAXIMI
2146 497 2332 563 LIB.
2393 499 2520 564 lx.

806 632 1027 723 cujuS‚
1057 631 1176 697 etsi
1209 641 1436 721 postea
1460 627 1701 710 hostiS‚
1730 638 2017 719 quaestor
2046 639 2267 695 tamen
2293 625 2643 720 aliquando
2675 626 2889 698 fuerat
2907 682 2927 713 ‚

805 753 1028 806 erutos
1063 737 1314 805 cineres
1355 735 1423 802 in
1463 734 1729 801 Anienis
1764 731 2024 800 alveum
2064 734 2318 826 sparsit.
2357 736 2461 801 En
2489 732 2728 827 quibus
2762 737 2926 804 actis

803 847 1182 913 Pela-uatis
1204 840 1220 864 ¹
1269 863 1641 934 cognomen
1684 830 2163 932 assequendum
2206 835 2495 933 putavit!

914 1002 978 1043 2.
1015 975 1220 1067 Cujus
1256 986 1476 1039 tamen
1505 968 1907 1039 crudelitatis
1943 970 2020 1038 C.
2055 972 2308 1039 Marius
2335 969 2681 1039 invidiam²
2712 970 2925 1059 levat;

803 1105 952 1150 nain
999 1095 1066 1148 et
1104 1077 1211 1147 ille
1252 1079 1452 1145 nimia
1496 1076 1857 1171 cupiditate
1900 1099 2087 1169 perse
2180 1076 2334 1146 endi
2374 1078 2706 1164 inimicoS,
2757 1080 2923 1148 iram

797 1212 983 1255 suam
1015 1186 1260 1254 nefarie
1285 1184 1661 1268 destrinxit,
1704 1185 1778 1251 1..
1809 1183 2083 1251 Caesaris
2158 1182 2518 1252 consularis
2547 1198 2614 1252 et
2639 1188 2925 1253 censorii

797 1294 1270 1362 nobilissimum
1317 1315 1558 1384 corpus
1603 1286 1870 1383 ignobili
1908 1290 2149 1358 saevitia
2185 1290 2617 1377 trucidando,
2660 1306 2727 1360 et
2768 1292 2925 1385 qui·

797 1400 946 1469 dem
986 1398 1162 1493 apud
1199 1397 1666 1467 seditiosissimi
1709 1411 1777 1463 et
1821 1394 2238 1488 abjectissimi
2289 1396 2571 1466 hominis
2615 1396 2924 1485 bustum;

797 1507 862 1574 id
918 1510 1092 1576 enim
1154 1503 1478 1573 malorum
1531 1489 1968 1570 miserrimae⁴
2020 1516 2179 1571 tunc
2223 1501 2599 1596 reipublicae
2649 1504 2923 1591 deerat,

797 1628 871 1680 ut
890 1614 1094 1682 Vario
1126 1613 1348 1680 Caesar
1377 1607 1708 1703 piaculum
1737 1607 2019 1677 caderet.
2050 1612 2241 1677 Paene
2267 1612 2433 1677 tanti
2458 1612 2753 1679 victoriae
2783 1611 2923 1703 ejus

794 1744 928 1787 non
969 1720 1271 1788 fuerunt:
1312 1740 1590 1846 quarum
1629 1714 1908 1801 oblitus,
1950 1713 2098 1810 plus
2135 1717 2426 1785 miminis
2462 1716 2679 1802 domi,
2720 1742 2920 1811 quam

793 1825 1054 1894 laudis
1043 1850 1105 1894 nn
1139 1808 1428 1907 militia5,
1465 1823 1722 1890 meruit.
1763 1768 1947 1889 Idein
1979 1836 2180 1915 caput
2214 1824 2308 1890 M.
2336 1808 2644 1891 Antonii⁶
2676 1823 2920 1892 abscis-

795 1957 940 2001 sum
970 1932 1129 2001 laetis
1151 1930 1454 2001 manibus
1484 1931 1657 1997 inter
1684 1926 1911 2022 epulas
1940 1951 2059 2022 per
2087 1953 2411 1997 summam
2445 1931 2645 1997 animi
2674 1953 2754 1997 ac
2782 1955 2924 1999 ver·

791 2040 1028 2107 borum
1082 2035 1493 2105 insolentiam
1551 2033 1955 2128 aliquamdiu
2009 2037 2220 2103 tenuit
2248 2089 2267 2119 ‚
2323 2034 2801 2129 clarissimique
2855 2052 2923 2105 et

791 2148 954 2215 civis
983 2160 1050 2214 et
1072 2145 1353 2213 oratoris
1384 2144 1703 2236 sanguine
1736 2142 2169 2209 contaminari
2196 2166 2439 2209 mensae
2466 2166 2653 2212 sacra
2687 2167 2920 2236 passus

790 2268 924 2335 est3
972 2266 1169 2346 atque
1212 2252 1407 2334 etiam
1452 2251 1521 2316 P.
1558 2249 1846 2317 Annium
1865 2247 1912 2334 ⁷,
1949 2249 2062 2340 qui
2100 2246 2162 2314 id
2200 2246 2543 2332 attulerat,
2589 2250 2654 2315 in
2700 2250 2917 2317 sinum

789 2384 1016 2445 suum,
1054 2359 1331 2427 recentis
1369 2355 1563 2424 caedis
1598 2356 1888 2448 vestigiis
1921 2354 2342 2448 adspersum,
2364 2352 2645 2449 recepit.

1979 2564 2030 2617 3.
2079 2563 2301 2618 Caesar-is.
2343 2566 2599 2620 Oratoris.
2630 2565 2760 2620 vid.
2802 2569 2916 2622 Cic.

1894 2642 1961 2695 de
1997 2643 2091 2697 Or.
2124 2646 2197 2696 11.
2224 2678 2305 2687 ——
2343 2647 2576 2700 Hominis.
2622 2647 2831 2701 Nomen
2867 2649 2915 2701 ei

1894 2723 1996 2775 fuit
2022 2724 2188 2775 Vario
2205 2762 2222 2789 ,
2249 2725 2395 2797 quod
2421 2727 2475 2779 in
2511 2725 2763 2798 quasdam
2791 2727 2914 2781 edd.

1893 2801 2121 2873 irrepsit.

1976 2889 2030 2945 4.
2051 2883 2348 2936 Miserrima.
2366 2885 2509 2936 Alibi
2527 2888 2749 2946 miser-ise,
2767 2885 2914 2957 qnod

1895 2962 2114 3016 Vorstio
2130 2964 2294 3034 magis
2304 2965 2493 3035 placet.
2512 2963 2614 3017 Sed
2632 2966 2915 3018 lectionem

875 2591 920 2625 1.
957 2572 1235 2624 Felicitatis.
1267 2568 1355 2620 Sic
1381 2564 1686 2619 Torrenius.
1717 2564 1805 2616 Pi·

789 2654 941 2723 ghius
971 2664 1023 2703 et
1053 2650 1143 2702 alii
1169 2647 1432 2700 dederunt
1461 2647 1639 2711 filicis.
1676 2643 1801 2696 vid.

791 2733 887 2795 Vl,
917 2737 974 2792 4,
1011 2736 1061 2791 4.
1094 2732 1170 2779 De
1201 2728 1357 2779 Sullas
1383 2726 1545 2776 nimia
1577 2722 1800 2776 crudeli·

790 2825 894 2864 tate
939 2807 1201 2860 increbuit
1251 2805 1579 2857 versiculus:
1634 2804 1808 2873 Aspice

793 2888 1019 2943 Felicem
1035 2887 1150 2946 sihi,
1183 2903 1276 2937 non
1299 2885 1408 2940 eibi.
1443 2885 1637 2935 Romule
1654 2922 1668 2946 ,
1690 2884 1807 2936 Sul-

786 2973 906 3023 lam.

875 3070 923 3100 α.
952 3050 1010 3099 Α.
1035 3048 1102 3097 U.
1123 3048 1253 3098 666.
1273 3043 1496 3114 Appian-
1523 3042 1639 3094 Civ.
1658 3060 1674 3102 ς
1691 3041 1800 3095 Cic.

792 3129 858 3183 de
883 3130 1028 3180 Orat.
1052 3127 1165 3186 111;
1189 3124 1302 3176 Liv.
1334 3122 1563 3184 Lxxx3
1596 3122 1721 3173 Luc.
1753 3123 1800 3184 1,

798 3227 924 3271 1003
948 3208 1088 3259 Flor.
1113 3205 1225 3267 111,
1249 3223 1297 3255 2.
1328 3203 1508 3267 Quum
1530 3202 1664 3253 urbe
1687 3215 1807 3272 post

789 3289 1030 3342 exsilium
1047 3297 1179 3337 esset
1193 3281 1639 3354 potitus‚plurirni
1655 3282 1804 3352 prin·

765 3353 966 3440 'cipum
998 3365 1111 3419 «nesi
1128 3403 1145 3428 ‚
1175 3378 1395 3432 uterque
1418 3363 1634 3414 Crassus
1653 3399 1669 3425 ‚
1697 3362 1806 3414 Cn-

791 3469 901 3512 sar,
926 3447 1154 3500 Fimbria
1183 3457 1235 3497 et
1262 3443 1385 3506 alii;
1406 3442 1560 3493 multi
1582 3441 1683 3493 sibi
1704 3440 1805 3510 ipsi

721 3581 736 3589 ,
790 3542 1011 3581 mortem
1033 3525 1272 3578 intulere.
1297 3521 1502 3575 Octavii
1522 3539 1625 3573 eos.
1647 3533 1806 3589 caput

788 3629 886 3680 pro
927 3607 1136 3668 rostris,
1179 3602 1397 3655 Antonii
1430 3599 1718 3653 consularis
1749 3600 1803 3651 in

787 3690 950 3760 ipsius
971 3686 1127 3739 Marii
1155 3700 1330 3735 mensa
1356 3680 1666 3750 expositum.
1695 3680 1803 3732 Bn-

785 3771 934 3824 biutn
974 3781 1129 3837 atque
1168 3760 1526 3815 Numitorium
1555 3779 1653 3830 per
1689 3778 1800 3811 me·

786 3849 935 3902 dium
977 3850 1158 3901 forum
1192 3842 1314 3895 unci
1347 3853 1556 3893 traxere
1587 3839 1798 3892 carnifi-

1892 3055 2128 3095 nostram
2149 3062 2324 3096 veram
2351 3063 2461 3097 esse
2481 3045 2562 3096 vel
2586 3045 2697 3115 ipsa
2720 3047 2914 3098 verbo·

1892 3139 2011 3189 rum
2028 3123 2301 3175 collocatio
2322 3126 2563 3176 evincere
2582 3123 2810 3178 videtur.
2826 3125 2914 3178 Sic

1892 3201 2032 3253 enim
2082 3201 2282 3272 optime
2327 3215 2436 3255 tunc
2474 3222 2599 3256 cum
2638 3207 2915 3256 mahen-irate

1891 3281 2254 3351 conjungitur,
2268 3302 2379 3335 non
2392 3302 2539 3354 nque
2549 3285 2912 3337 suavita-cum

1893 3359 2075 3421 deerat,
2105 3361 2150 3413 si
2173 3363 2310 3433 legas
2319 3366 2531 3415 miserim.
2549 3365 2909 3417 —Piaculuvn-

1893 3438 2216 3494 Sacrificium
2232 3461 2331 3512 pro
2345 3444 2586 3513 peccatis.
2607 3443 2733 3496 vid.
2755 3445 2911 3515 Virg.

1894 3521 2011 3572 AEn.
2030 3521 2138 3585 VI,
2171 3523 2307 3575 153:
2342 3524 2455 3574 Duc
2476 3527 2645 3591 nigras
2664 3525 2871 3594 pecudes
2888 3545 2909 3578 .·

1890 3619 1947 3649 ea
1960 3604 2120 3670 prima
2140 3603 2337 3670 piacula
2357 3616 2512 3655 sunto.

1974 3680 2024 3733 5.
2038 3682 2095 3732 In
2110 3682 2297 3732 militia.
2315 3683 2532 3752 Pighius
2545 3684 2754 3744 milicia,
2770 3703 2907 3755 pra·

1889 3770 1968 3811 ter
1988 3761 2361 3814 necessitatem.

1968 3843 2020 3892 6.
2044 3841 2264 3893 Antom‘i.
2287 3841 2587 3912 Praecipuus
2608 3862 2715 3895 sue
2741 3844 2908 3897 aetatis

785 3949 921 3981 cum.
953 3926 1183 3979 Plurima
1205 3933 1415 3974 senatus
1437 3920 1625 3972 funera
1657 3918 1795 3971 intra
1884 3919 1989 3970 suit
2024 3932 2227 3982 orator,
2266 3939 2422 3991 quem
2463 3940 2584 3973 cum
2619 3924 2809 3975 Crasso
2837 3922 2906 3974 de

787 4010 879 4062 cal.
924 4020 976 4060 et
997 4004 1079 4059 id.
1115 4005 1245 4056 Jnn.
1285 3996 1438 4058 <nam
1474 3997 1547 4052 id.
1576 3997 1797 4051 decessit
1881 3999 2178 4070 eloquentia
2223 3997 2579 4071 disputantem
2615 4003 2805 4056 Cicero
2846 4003 2899 4053 in

789 4086 1012 4147 Marius)
1047 4095 1355 4155 argumento
1385 4098 1492 4132 esse
1520 4090 1794 4149 poterant,

783 4186 911 4218 num
940 4164 1137 4218 Marius
1163 4161 1342 4213 mitior
1370 4159 1511 4211 Sulla
1543 4158 1759 4210 finisset?

1884 4079 1977 4130 Or.
2010 4077 2319 4131 introducit.

1967 4177 2019 4226 7.
2041 4159 2268 4210 Annium.
2288 4160 2591 4213 Perizonius
2605 4162 2809 4214 notavit
2825 4161 2898 4212 sic
