3143 5204
398 465 585 532 CAP.
643 464 784 549 111,
838 465 962 531 DE
1017 464 1310 531 VAFRE
1366 464 1601 533 DICT.
1662 467 1840 532 AUT
1895 468 2135 534 FACT.
2264 466 2357 536 23

347 596 409 665 8.
458 597 745 665 Veniam
788 621 965 665 nunc
1009 595 1093 663 ad
1134 621 1281 683 eos,
1329 596 1567 690 quibus
1607 598 1780 666 salus
1819 601 2052 667 astutia
2095 601 2364 693 quaesita

245 715 335 770 est
351 700 390 769 ¹.
414 701 832 772 M.Volusius
854 702 1053 771 aedilis
1079 700 1317 796 plebis²
1339 705 1778 798 proscriptuS,
1803 720 2139 799 assumpto
2175 708 2365 776 Isiaci

246 809 494 897 habitu,
520 834 642 904 per
665 811 895 878 itinera
920 811 1185 902 viasque
1209 808 1503 904 publicas
1531 812 1766 904 stipem
1790 826 2040 905 petenS,
2064 813 2362 905 quisnam

247 939 465 984 revera
493 931 699 1001 esset,
723 929 1143 985 occurrentes
1169 916 1555 1010 dignoscere
1587 942 1815 1011 passus
1841 942 1976 986 non
2001 932 2133 986 est:
2156 944 2366 1012 eoque

246 1020 506 1091 fallaciae
545 1047 786 1117 genere
831 1036 1075 1109 tectus,
1104 1023 1171 1090 in
1208 1024 1304 1089 M.
1350 1024 1534 1091 Bruti
1575 1038 1786 1091 castra
1827 1026 2142 1118 pervenit.
2184 1025 2368 1112 Quid

248 1126 338 1195 illa
369 1131 765 1198 necessitate
794 1130 1126 1215 miseriuS,
1198 1153 1298 1197 uae
1326 1131 1782 1223 magistratum
1814 1129 2040 1225 populi
2078 1133 2368 1217 romani,

246 1234 497 1326 abjecto
543 1236 815 1305 honoris
853 1248 1167 1330 praetexto
1218 1288 1236 1323 ,
1261 1234 1638 1329 alienigenae
1676 1235 2004 1329 religionis
2049 1236 2368 1306 obscura-

246 1354 373 1407 tum
420 1342 790 1435 insignibus
818 1396 836 1427 ,
881 1367 1000 1436 per
1038 1342 1267 1410 urbem
1308 1343 1501 1435 jussit
1545 1341 1887 1410 incedere?
1922 1330 2212 1411 Omnes⁴
2257 1358 2373 1412 aut

246 1446 305 1515 hi
350 1472 485 1516 suae
528 1451 713 1535 vitae,
761 1464 876 1518 aut
918 1447 1008 1517 illi
1065 1448 1289 1518 alienae
1331 1450 1561 1518 mortis
1609 1448 1870 1542 cupidi,
1913 1452 2025 1543 qui
2070 1448 2221 1518 talia
2267 1450 2369 1518 vel

248 1554 358 1647 ipsi
400 1556 896 1641 sustinuerunt,
938 1553 1041 1623 vel
1081 1554 1240 1624 alios
1287 1556 1541 1651 perpeti
1580 1571 1955 1649 coegerunt.

342 1685 413 1756 9.
456 1660 816 1755 Aliquanto
856 1648 1250 1755 speciosius⁵
1286 1663 1485 1732 Sentii
1522 1664 1856 1731 Saturnini
1895 1661 2268 1731 Vetulionis
2305 1664 2371 1730 in

248 1767 472 1835 eodem
520 1793 762 1861 genere
797 1792 1023 1855 casuS,
1058 1767 1302 1837 ultimae
1341 1770 1533 1838 sortis
1568 1767 1915 1837 auxilium:
1945 1771 2058 1862 qui
2091 1794 2295 1862 quum
2333 1794 2372 1836 a

249 1875 608 1943 triumviris
651 1877 823 1943 inter
865 1877 1273 1969 proscriptos
1301 1899 1543 1944 nomen
1577 1900 1767 1943 suum
1797 1876 2208 1969 propositum
2256 1900 2369 1943 au-

247 1979 472 2066 disset,
509 1983 827 2049 continuo
874 1997 1174 2074 praeturae
1204 1984 1481 2078 insignia
1510 1983 1775 2067 invasit,
1821 1982 2371 2075 praecedentibus·

248 2111 366 2180 que
388 2090 459 2155 in
486 2086 763 2156 modum
797 2087 1100 2157 lictorum
1123 2104 1190 2157 et
1216 2091 1666 2183 apparitorum
1690 2086 2105 2182 publicorum
2132 2074 2370 2156 servis⁶

327 2320 374 2354 1.
413 2302 639 2371 Quoesiea
664 2314 748 2355 ese.
772 2303 871 2353 An.
892 2302 962 2354 U.
993 2319 1024 2371 7
1041 2318 1127 2352 ro.
1156 2301 1263 2371 Ap-

251 2381 382 2449 pian.
409 2382 546 2434 Bell.
577 2382 678 2435 civ,
712 2383 809 2433 lv,

324 2481 377 2512 π.
421 2461 618 2516 AEditis
641 2462 811 2532 plebis.
844 2461 1009 2512 Erant
1034 2460 1217 2511 curules
1236 2478 1266 2512 e

251 2542 476 2612 patriciis
493 2581 508 2606 ,
536 2542 628 2613 qui
650 2542 773 2594 sella
797 2540 967 2593 curuli
988 2580 1003 2605 ,
1025 2552 1078 2592 et
1092 2539 1270 2611 plebeii

253 2622 406 2672 aedc'les
417 2662 432 2683 ,
453 2623 723 2694 precipue
746 2622 945 2673 cereales
955 2658 971 2685 ,
985 2620 1150 2672 veluti
1168 2620 1266 2672 ini-

253 2702 394 2753 nistri
446 2702 789 2754 tribunorum
807 2739 823 2764 ,
867 2699 957 2770 qui
1012 2698 1268 2752 subselliis

254 2793 449 2833 tantum
469 2783 774 2834 utebantur.
799 2780 908 2832 Sub
931 2779 1269 2831 tribunorum

254 2862 404 2913 tutela
432 2862 617 2914 noceri
637 2861 739 2912 illis
758 2878 880 2912 raro
902 2871 1125 2931 poterat.
1138 2857 1266 2912 vid.

253 2941 466 3012 Dionys.
493 2943 608 3006 v1;
640 2940 755 2992 Liv.
776 2940 884 2991 vn
900 2977 915 3003 ‚
940 2956 984 2992 1.
1007 2971 1085 2980 —
1103 2939 1267 2990 Isiaci.

255 3021 439 3074 Isiscus
470 3019 719 3073 sacerdos
746 3032 823 3072 est
852 3017 1006 3071 Isidis
1028 3019 1272 3090 aegyptia·

257 3119 323 3152 cc
339 3142 353 3168 ,
376 3103 599 3154 fortasse
626 3098 887 3170 ejusdem,
909 3117 1067 3170 quam
1097 3098 1271 3151 Graeci

260 3183 514 3252 Δημήτερα
540 3194 592 3233 et
615 3179 735 3232 Itali
766 3180 1010 3232 Cererem
1036 3178 1274 3230 nomina-

259 3275 404 3323 runt,
445 3273 509 3312 ut
541 3262 645 3313 alio
685 3261 803 3311 loco
842 3271 919 3311 est
959 3259 1270 3329 expositum.

260 3338 323 3391 Hi
361 3339 659 3394 sacerdotes
698 3358 796 3410 per
829 3339 1015 3390 urbem
1046 3352 1098 3390 et
1128 3338 1273 3390 vicos

260 3439 371 3473 cum
396 3424 554 3474 sistro
584 3421 763 3491 vagari
796 3416 1152 3470 mendicantes
1189 3436 1273 3469 so-

261 3500 459 3567 lebant,
507 3501 920 3571 pollicentesque
940 3535 956 3562 ,
1003 3515 1057 3549 se
1098 3498 1275 3550 futura

262 3580 631 3649 predicetur-os
662 3581 704 3632 si
735 3577 953 3631 daretur
978 3579 1100 3628 assis
1119 3615 1136 3640 ,
1168 3579 1276 3628 fere

266 3673 318 3712 ut
333 3661 615 3713 recentiori
633 3678 745 3711 nvo
765 3657 979 3726 Cingari
991 3694 1005 3718 ‚
1029 3675 1160 3726 quos
1178 3658 1277 3709 Bo-

262 3738 437 3793 bemos
459 3740 619 3810 vulgo
644 3749 853 3791 vocant.

341 3820 393 3873 3.
425 3821 690 3872 Proeeeaem.
713 3820 1007 3870 Proetextum
1032 3833 1132 3884 pro
1146 3835 1277 3884 proe-

266 3910 414 3949 teztus
435 3900 669 3952 occurrit
694 3899 850 3950 etiam
892 3898 945 3947 in
978 3893 1159 3947 Senec.
1192 3914 1276 3966 ep.

267 3978 464 4043 Lxxh
492 3980 636 4032 Flor.
669 3980 717 4042 Ι,
754 3977 811 4040 5;
844 3987 897 4027 et
922 3975 1110 4046 sapius
1136 3973 1276 4045 apud

268 4057 530 4111 Nostrum.

350 4144 398 4199 4.
444 4139 637 4192 onmes.
672 4137 914 4190 Schottus
936 4156 999 4190 ex
1029 4147 1130 4189 vet.
1157 4131 1277 4186 cod.

1350 2299 1474 2369 legit
1504 2300 1555 2351 0
1573 2302 1711 2351 nimis
1727 2337 1743 2359 ,
1773 2296 1920 2369 quod
1946 2298 2137 2369 accipit
2160 2299 2372 2351 Perizo-

1352 2379 1472 2431 nius
1513 2390 1567 2430 et
1605 2397 1714 2430 non
1753 2378 2019 2449 improbat
2051 2378 2372 2443 Torrenius,

1352 2459 1471 2529 quia
1492 2458 1683 2529 frigere
1702 2458 1954 2510 sententia
1973 2456 2184 2510 videtur
2203 2458 2244 2509 si
2262 2459 2377 2510 vul-

1352 2551 1470 2611 gata
1499 2539 1658 2591 lectio
1687 2551 1939 2591 servetur.
1968 2535 2072 2589 Sed
2103 2537 2291 2609 optimi
2321 2549 2374 2590 et

1352 2618 1701 2690 antiquissimi
1721 2616 1876 2670 codd.
1899 2619 2095 2671 habent
2112 2638 2376 2671 omna—-

1354 2700 1477 2752 Aut.
1492 2698 1642 2751 MSS.
1659 2698 1857 2750 habeut
1867 2711 2040 2750 autem.
2053 2695 2156 2750 Sed
2170 2717 2378 2752 necesse

1353 2780 1574 2830 omniuo
1615 2790 1726 2842 est,
1765 2776 2143 2849 disjunctivam
2179 2791 2266 2829 aue
2296 2778 2377 2831 bis

1354 2860 1481 2930 poni
1496 2896 1511 2923 ,
1530 2856 1803 2930 quomodo
1822 2877 1942 2910 mox
1955 2871 2008 2910 et
2029 2858 2250 2910 alterum
2274 2856 2378 2910 dis-

1350 2939 1651 3009 junctivum
1682 2939 1767 2989 vel
1789 2937 2022 3009 positum
2043 2950 2135 2990 est.
2156 2970 2237 2980 —-
2257 2937 2377 2989 Coe·

1352 3030 1539 3087 gerunt.
1577 3020 1802 3070 Damnat
1827 3017 2049 3070 ulterius
2072 3031 2124 3069 et
2142 3017 2268 3081 hos,
2284 3018 2377 3088 qui

1356 3099 1476 3149 vitae
1506 3098 1732 3149 nimium
1769 3093 1955 3168 cupidi
1996 3116 2205 3149 omnem
2237 3094 2377 3149 indi-

1356 3177 1609 3248 gnitatem
1650 3188 1703 3228 et
1738 3175 2123 3248 turpitudinem
2153 3176 2380 3230 vitandae

1359 3257 1542 3309 mortis
1556 3258 1720 3327 gratia
1735 3257 1912 3309 subire
1925 3273 2031 3308 non
2048 3256 2380 3322 dubitarunt,

1359 3349 1411 3389 et
1437 3355 1524 3388 eos
1543 3338 1665 3407 ,qui
1690 3337 1869 3389 alienae
1893 3337 2078 3389 mortis
2101 3336 2239 3389 avidi
2256 3377 2270 3403 ,
2286 3337 2381 3389 ho-

1359 3418 1527 3469 mines
1558 3415 1623 3468 ad
1669 3435 1782 3468 eam
1819 3417 2175 3468 necessitatem
2205 3417 2381 3487 impu-

1360 3497 1497 3561 lere,
1525 3508 1586 3548 ut
1616 3496 1726 3549 baec
1756 3497 2014 3549 sustinere
2049 3510 2381 3568 cogerentur.

1361 3577 1479 3641 Qua
1511 3595 1574 3628 ex
1611 3589 1758 3647 parte
1792 3577 1961 3647 carpit
1991 3577 2383 3628 triumvir-atum

1365 3656 1598 3719 Octavii,
1624 3654 1768 3727 quod
1800 3674 1998 3708 rarum.

1447 3735 1501 3788 5.
1540 3736 1826 3806 Speciosius.
1869 3737 1968 3787 An.
2007 3737 2077 3787 U.
2111 3754 2240 3804 7¹⁰·
2275 3736 2383 3807 Ap-

1363 3816 1581 3886 pianus,
1600 3817 1660 3867 B.
1679 3815 1739 3867 C.
1761 3816 1857 3869 lv,
1876 3813 1944 3866 de
1966 3815 2279 3885 Pomponio.
2304 3848 2384 3858 --

1368 3895 1425 3944 V
1418 3896 1653 3946 emliom‘s.
1676 3894 1798 3958 Quo
1822 3895 2037 3946 nomine
2067 3891 2389 3946 discernitur

1366 3994 1395 4025 a
1417 3975 1680 4027 Saturnino
1709 3974 1918 4044 Apuleio
1941 3971 2219 4045 perduelli.

1448 4059 1501 4108 6.
1529 4055 1705 4107 Servis.
1736 4056 1894 4106 Recte
1919 4054 1992 4105 sic
2012 4050 2180 4105 edidit
2201 4054 2384 4106 Vorst.

1367 4152 1488 4188 nam
1511 4135 1721 4187 Sentius
1744 4132 2054 4185 Saturninus
2076 4151 2251 4186 servos
2267 4153 2388 4186 snos

1995 4228 2072 4307 2³
