3143 5204
398 525 612 593 CAP.
670 526 912 609 VIII,
966 527 1102 592 DE
1146 526 1466 594 RATIS
1519 528 1952 596 TESTAM.
2175 527 2266 600 55

253 659 316 741 4.
355 659 519 725 Item
558 659 913 755 Pompeius
942 654 1346 751 Rheginus¹,
1369 658 1473 725 vir
1508 659 1926 756 transalpinae
1956 664 2272 756 regionis,

158 784 345 857 quum
375 777 773 832 testamento
808 762 1029 832 fratris
1060 764 1431 858 praeteritus
1461 780 1665 853 esset,
1701 778 1768 835 et
1797 766 1881 835 ad
1909 762 2270 863 coarguen-

158 869 296 937 dam
335 871 746 963 iniquitatem
789 870 928 964 ejus
953 924 971 955 ,
1008 869 1194 940 binas
1229 868 1485 941 tabulas
1521 886 2068 943 testamentorum
2113 900 2273 943 suo-

160 999 292 1044 rum
328 977 398 1043 in
433 978 708 1045 comitio
742 977 1012 1063 incisas,
1050 976 1275 1045 habita
1310 976 1652 1072 utriusque
1697 979 1943 1069 ordinis
1988 980 2274 1049 maxima

161 1082 510 1176 frequentia
538 1136 558 1169 ,
598 1084 974 1187 recitasset,
1010 1084 1078 1150 in
1128 1083 1368 1177 quibus
1426 1108 1668 1179 magna
1717 1110 1797 1153 ex
1848 1096 2032 1180 par'te
2083 1087 2274 1155 heres

162 1187 346 1256 frater
378 1203 526 1257 erat
569 1183 887 1283 seriptuS,
932 1186 1535 1285 praelegebaturque
1582 1192 1642 1258 ei
1687 1192 1931 1261 centies
1975 1207 2041 1260 et
2083 1186 2274 1286 quin—

159 1296 412 1389 quagies
456 1297 870 1364 sestertium.
909 1294 1191 1364 multum
1228 1320 1305 1365 ac
1346 1296 1461 1365 diu
1500 1298 1672 1365 inter
1712 1298 2136 1367 assentientes
2178 1299 2275 1367 in·

159 1399 508 1496 dignationi
549 1423 683 1469 suae
728 1403 974 1531 aamicos
1016 1416 1325 1495 questus,
1364 1401 1544 1496 quod
1589 1403 1671 1472 ad
1711 1403 1915 1473 hastae
1956 1400 2277 1498 judicium

160 1509 450 1593 attinuit,
490 1508 744 1576 cineres
761 1505 1040 1577 'fratris
1070 1509 1327 1602 quietos
1363 1533 1504 1577 esse
1546 1532 1778 1604 passus
1817 1525 1949 1578 est:
1990 1526 2058 1579 et
2091 1525 2281 1579 erant

160 1613 233 1680 ab
261 1638 344 1683 eo
372 1614 658 1682 instituti
696 1613 970 1682 heredes
990 1639 1251 1709 ,neque
1281 1610 1601 1709 sanguine
1637 1602 1892 1711 patrio⁸
1918 1640 2138 1711 pares,
2166 1642 2278 1684 ne-

161 1744 273 1812 que
307 1720 637 1814 proximi3
668 1718 784 1787 sed
819 1734 887 1788 et
926 1668 1157 1807 alieni,
1184 1734 1252 1788 et
1283 1720 1602 1805 humiles3
1637 1737 1712 1790 ut
1746 1747 1883 1791 non
1918 1722 2129 1791 solum
2169 1722 2282 1791 ssa-

162 1826 458 1917 gitiosum
491 1824 859 1911 silentium,
880 1825 991 1894 sed
1020 1828 1218 1894 etiam
1249 1824 1541 1920 praelatio
1574 1825 2051 1897 contumeliosa
2076 1828 2285 1897 videri

163 1947 387 2023 met.

256 2035 321 2108 5.
366 2040 583 2131 AEque
609 2036 811 2107 felicis
840 2039 1279 2133 impunitatiS,
1307 2039 1421 2107 sed
1455 2042 1679 2110 nescio
1709 2064 1794 2109 an
1831 2041 2116 2110 tetrioris
2141 2041 2284 2111 haec

162 2142 364 2213 delicti
400 2157 829 2213 testamenta:
867 2146 949 2233 Q.
986 2132 1332 2213 Caecilius⁴
1363 2148 1440 2214 L.
1489 2143 1751 2215 Luculli
1793 2149 2286 2243 promptissimo

165 2250 416 2338 studio,
468 2251 883 2345 maximaque
940 2250 1376 2337 liberalitate,
1420 2266 1492 2320 et
1546 2253 1897 2322 honestum
1955 2252 2290 2347 dignitatis

164 2357 428 2449 gradum
450 2370 562 2445 ‚et
591 2355 1068 2453 amplissimum
1093 2358 1559 2452 patrimonium
1586 2373 2286 2453 consequutus,quum

165 2488 284 2556 prae
332 2489 407 2534 se
452 2482 743 2558 semper
763 2462 1058 2550 tulisset,
1095 2489 1300 2532 unum
1346 2462 1529 2531 illum
1586 2465 1708 2534 sibi
1752 2490 1890 2535 esse
1934 2464 2290 2546 heredem,

166 2572 439 2641 moriens
488 2572 689 2640 etiam
741 2569 1020 2640 annulos
1067 2573 1126 2640 ei
1182 2596 1334 2641 suos
1383 2570 1801 2659 tradidisset3
1784 2571 2288 2703 Pomponium

169 2677 442 2749 Atticum
489 2692 882 2747 testamento
927 2676 1304 2772 adoptavit,
1336 2681 1630 2749 omnium
1684 2704 1765 2748 ue
1784 2666 2166 2749 ⁵bonorum
2199 2704 2293 2746 re-

166 2781 338 2878 liquit
378 2783 733 2871 heredem,
774 2784 887 2854 sed
930 2783 1180 2853 fallacis
1223 2799 1289 2853 et
1327 2785 1617 2855 insidiosi
1693 2786 1976 2855 cadaver
2009 2783 2295 2881 populus

169 2993 294 3048 unde
328 2995 504 3049 scriba
544 3007 587 3046 ee
629 2996 687 3047 in
734 3016 787 3047 cc
822 2995 1082 3062 mutavit,
1125 3006 1177 3050 et

170 3073 344 3128 linem
381 3085 735 3128 mmmm
785 3092 943 3147 super
988 3095 1014 3126 e
1068 3092 1176 3127 non

171 3153 579 3208 animadvertens
632 3154 843 3226 scripsit
898 3157 1176 3225 acceptavit.

170 3233 458 3288 Tmuss.
486 3235 727 3287 inserunt
751 3235 1040 3306 improbare,
1068 3237 1179 3286 im·-

173 3325 283 3372 em,
314 3315 609 3379 rescindere,
640 3332 705 3369 ex
730 3314 915 3386 glossa.

247 3416 288 3445 1.
310 3396 576 3464 Rbegt'nus.
600 3391 729 3446 Vid.
755 3393 987 3447 Vari-on.
1020 3392 1088 3446 de
1115 3395 1180 3447 R.

174 3473 227 3524 R.
249 3475 361 3542 111,
392 3493 485 3527 ιι.
517 3506 599 3516 -
631 3473 904 3547 Utrimque.
931 3474 1000 3526 Et
1029 3492 1184 3545 eque-

173 3554 276 3605 stris
295 3566 349 3607 et
368 3552 587 3625 plebeii.

244 3652 294 3686 ι.
321 3634 537 3687 Cium,
556 3631 746 3686 Noluit
767 3650 1074 3705 oppugnare
1090 3631 1184 3686 de·

176 3710 325 3765 functi
349 3731 653 3785 supremam
679 3713 1025 3766 voluntatem.

246 3793 298 3845 3.
323 3794 517 3846 Patrio.
534 3794 770 3847 Atrebat.
795 3794 1017 3864 Pagina,
1045 3810 1190 3847 men·

177 3867 314 3936 doce,
343 3890 408 3924 ex
427 3892 532 3944 qua
559 3891 689 3927 voce
719 3871 938 3944 quidam
970 3872 1189 3940 Rhegino

178 3949 344 4005 secisse
379 3952 649 4006 videntur.
680 3953 885 4005 Verum
928 3964 990 4004 ut
1026 3952 1114 4005 hic
1161 3970 1189 4004 a

182 4042 318 4098 patre
339 4069 353 4088 ‚
381 4036 572 4103 patrius
610 4035 806 4102 sanguis
852 4030 1049 4085 dicitur
1071 4069 1082 4086 .
1118 4032 1191 4104 ita

181 4121 228 4160 et
255 4129 282 4162 a
305 4112 561 4165 Cicerone
581 4115 770 4183 patr-im
802 4132 920 4172 mos,
955 4125 1005 4164 et
1030 4131 1057 4163 a
1084 4112 1190 4165 Lu·

182 4191 336 4243 cretio
366 4205 516 4262 poeta
536 4232 550 4258 ,
573 4196 762 4262 patrius
784 4210 952 4262 pavor.

1350 3002 1400 3058 4.
1448 2997 1514 3064 Q.
1559 2995 1802 3049 Canium.
1848 2995 1965 3050 Hoc
2006 2996 2125 3049 loco
2170 2994 2293 3049 edd.

1265 3086 1393 3126 vett.
1420 3093 1541 3127 cum
1574 3075 1754 3129 multis
1789 3075 1945 3131 MSS.
1976 3094 2176 3129 novum
2207 3093 2294 3129 ca·

1263 3166 1363 3225 put
1387 3155 1748 3221 constituunt,
1772 3157 1876 3210 hoc
1900 3156 2087 3210 titulo:
2109 3156 2172 3210 de
2192 3156 2290 3212 lu’s.

1267 3239 1350 3306 qui
1376 3235 1602 3288 adversus
1645 3237 1910 3305 opinionem
1945 3236 2182 3288 hominum
2215 3237 2298 3287 hc·

1268 3313 1400 3366 redes
1430 3314 1711 3366 habuerim.

1350 3393 1405 3447 5.
1462 3393 1797 3465 Omniumque.
1855 3394 2017 3465 Nepos
2078 3396 2136 3446 in
2192 3396 2297 3448 vita

1269 3472 1453 3527 scribit
1472 3494 1532 3525 ex
1554 3472 1817 3534 doh-ante,
1838 3474 1875 3524 l.
1900 3475 2070 3527 tribus
2095 3475 2300 3545 quartis

1269 3552 1531 3625 partibus.
1552 3551 1682 3605 Vid.
1704 3553 1816 3608 Cic.
1841 3551 1908 3606 ad
1933 3554 2041 3607 Att.
2065 3554 2149 3606 111
2170 3593 2185 3617 ‚
2209 3573 2297 3609 πο.

1271 3636 1371 3685 An.
1400 3633 1469 3686 U.
1506 3633 1640 3702 695.
1673 3631 1950 3686 Hereditas
1986 3635 2300 3705 plerumque

1272 3711 1532 3766 dividitur
1573 3713 1630 3765 in
1671 3713 1777 3765 XII
1821 3713 2020 3766 uncias.
2071 3713 2302 3782 Βοώτεω

1273 3806 1451 3846 autem
1467 3791 1725 3864 significat
1743 3811 1936 3846 novem
1955 3793 2156 3854 uncias,
2174 3811 2304 3864 qua·

1274 3873 1318 3925 si
1336 3871 1554 3944 dempto
1570 3872 2180 3945 quadrante.Honestius
2200 3873 2305 3926 for·
2333 3945 2338 3950 ι

1274 3972 1366 4005 san
1401 3953 1612 4018 fuisset,
1631 3953 1673 4005 si
1700 3951 2018 4005 reddidisset
2044 3950 2304 4005 heredita·

1278 4046 1382 4085 tem
1411 4034 1614 4086 Atticus
1643 4035 1784 4102 justo
1813 4030 2016 4085 heredi.

1361 4117 1413 4166 6.
1448 4113 1691 4165 InsidiosI.
1723 4113 1860 4164 Boni
1886 4111 2026 4166 enim
2061 4112 2162 4165 viri
2193 4126 2268 4167 est
2288 4152 2303 4177 ‚

1278 4193 1435 4245 etiam
1466 4192 1521 4245 in
1554 4204 1724 4244 morte
1753 4192 1960 4245 nullum
1994 4192 2190 4246 fallere.

1825 4286 1915 4384 4..
