3143 5204
554 491 774 559 cAP.
831 490 976 575 v1,
1029 490 1166 557 DE
1219 487 1957 558 NECESSITATE.
2214 495 2307 587 47

209 623 779 718 consumpsissent,
813 620 897 690 ad
929 618 1235 690 ultimum
1263 621 1709 691 humanorum
1743 647 2102 717 corporum
2131 623 2316 719 dapi-

210 732 319 800 bus
358 731 453 799 usi
490 743 667 798 sunt.
701 731 1130 822 Quapropter
1168 742 1364 823 capta
1391 728 1529 822 jam
1565 728 1767 816 urbe,
1803 728 2177 824 complures
2217 734 2315 799 in·

209 838 369 905 venti
391 851 545 905 sunt
562 889 583 923 ,
615 850 796 904 artus
824 849 891 903 et
917 835 1215 903 membra
1231 833 1247 858 ¹
1279 834 1759 904 trucidatorum
1787 860 2144 931 corporum
2171 826 2317 907 sinu

212 969 316 1013 suo
341 957 688 1038 gestantes.
718 939 920 1010 Nulla
940 956 1041 1010 est
1063 942 1130 1009 in
1159 941 1263 1010 his
1290 943 1695 1011 necessitatis
1724 946 2058 1013 excusatio
2077 942 2136 1031 ²3
2161 970 2314 1013 nam

212 1050 427 1144 quibus
467 1050 642 1117 mori
676 1046 891 1135 licuit,
925 1045 1016 1117 sic
1052 1049 1276 1117 vivere
1317 1073 1583 1117 necesse
1618 1073 1756 1118 non
1794 1049 1935 1123 fuit.

305 1154 365 1226 3.
393 1160 654 1224 Horum
682 1169 937 1223 trucem
966 1155 1393 1249 pertinaciam
1425 1156 1495 1223 in
1527 1154 1850 1224 consimili
1877 1155 2167 1225 facinore
2191 1158 2318 1226 Ca·

213 1246 787 1356 lagurritanorum³
814 1260 1229 1331 exsecrabilis
1258 1263 1561 1399 impietas
1589 1285 2011 1357 supergressa
2038 1277 2178 1332 est:
2210 1266 2322 1357 qui

211 1394 327 1461 quo
358 1369 886 1464 perseverantius
912 1355 1319 1464 interempti⁴
1338 1370 1609 1438 Sertorii
1646 1368 2010 1457 cineribus,
2037 1369 2321 1439 obsidio·

214 1500 347 1544 nem
370 1477 492 1546 Cn.
522 1476 821 1570 Pompeii
853 1475 1287 1562 frustrantes,
1311 1475 1512 1545 fidem
1543 1490 1933 1571 praestarent
1951 1529 1971 1563 ,
1991 1478 2145 1571 quia
2175 1474 2322 1545 nul-

215 1580 335 1650 lum
367 1583 506 1675 jam
551 1580 730 1650 aliud
774 1583 844 1650 in
883 1582 1048 1651 urbe
1099 1607 1331 1651 eorum
1378 1597 1721 1678 supererat
1761 1582 2046 1669 animal,
2089 1607 2327 1653 uxores

218 1713 347 1757 suas
388 1704 710 1782 natosque
746 1687 831 1757 ad
871 1713 1062 1758 usum
1101 1689 1366 1759 nefariae
1403 1689 1590 1784 dapis
1633 1704 1993 1759 verterunt.
2037 1692 2324 1785 Quoque

217 1794 439 1864 diutius
471 1809 727 1864 armata
751 1796 1065 1890 juventus
1096 1798 1351 1866 viscera
1382 1821 1500 1865 sua
1534 1796 1898 1867 visceribus
1929 1799 2062 1866 suis
2095 1794 2332 1885 aleret,

221 1901 491 1971 infelices
509 1901 905 1972 cadaverum
925 1902 1233 2033 reliquias
1253 1889 1475 1972 salire⁵
1493 1929 1631 1973 non
1648 1903 1992 1974 dubitavit.
2010 1906 2113 1972 En
2127 1929 2327 1998 quam

221 2007 471 2102 aliquis
452 2035 523 2078 m
549 2009 690 2078 acie
725 1995 1147 2079 hortaretur⁶
1175 2024 1251 2078 ut
1283 2034 1405 2104 pro
1439 2008 1648 2080 salute
1665 2012 2047 2129 ’conjugum
2074 2026 2142 2081 et
2169 2009 2329 2080 libe·

222 2139 425 2185 rorum
462 2116 727 2186 fortiter
763 2111 1144 2186 dimicaret!
1197 2119 1300 2186 Ex
1345 2117 1476 2187 hoc
1519 2117 1833 2186 nimirum
1875 2117 2102 2207 hoste,
2145 2132 2331 2187 tanto

227 2221 355 2290 duci
394 2248 592 2318 poena
634 2225 843 2319 magis
890 2248 1085 2319 quam
1133 2225 1409 2292 victoria
1450 2224 1735 2319 petenda
1770 2224 1941 2292 fuit:
1982 2226 2135 2319 quia
2182 2222 2331 2320 plus

227 2328 575 2399 vindicatus
615 2329 971 2416 libertatis,
1005 2354 1205 2425 quam
1236 2332 1450 2400 victus
1488 2329 1716 2425 gloriae
1751 2330 2029 2400 afferre⁷
2076 2332 2335 2426 potuit3

229 2458 404 2527 quum
429 2461 628 2505 omne
653 2451 1033 2532 serpentum
1058 2460 1136 2505 ac
1155 2434 1445 2505 ferarum
1469 2462 1680 2531 genus
1713 2438 2205 2532 comparatione
2234 2438 2335 2505 sui

298 2666 343 2699 ι.
382 2649 537 2700 Areus
577 2661 627 2699 ee
665 2646 885 2700 membra.
919 2646 1024 2700 vel
1056 2646 1226 2700 abun-
1314 2664 1428 2700 eam
1440 2650 1793 2719 juventutem,
1812 2663 1928 2718 quae
1941 2665 2130 2699 uxores
2146 2657 2199 2699 et
2210 2646 2339 2699 libe·

228 2723 385 2780 dnntia
421 2742 536 2781 est:
579 2729 667 2781 vel
706 2740 841 2779 arem
885 2727 1227 2798 intelligimus
1312 2745 1401 2780 ros
1426 2739 1774 2791 mactaverat,
1795 2727 2004 2779 moneri
2023 2744 2132 2778 non
2152 2744 2336 2798 posse,

228 2808 564 2860 membrorum
601 2807 1001 2879 conjunctiones
1022 2847 1037 2874 ,
1083 2805 1228 2861 unde
1314 2820 1375 2859 ut
1398 2827 1499 2879 pro
1540 2807 1706 2861 salute
1736 2809 2023 2878 conjugum
2061 2819 2115 2859 et
2139 2807 2336 2860 ubero·

227 2887 437 2954 articu1i3
461 2888 669 2940 membra
691 2906 821 2940 vero
846 2887 1084 2959 corporis
1105 2906 1229 2958 par·
1312 2906 1433 2939 rum
1478 2887 1689 2940 fortiter
1731 2887 1789 2938 in
1832 2887 1942 2940 acie
1979 2885 2210 2940 dimicet.
2256 2888 2336 2940 Ita

228 2978 391 3034 tamt
408 2981 536 3021 sunt
561 2968 802 3033 humeri,
822 2968 1037 3021 brachia
1054 3008 1069 3032 ‚
1096 2980 1194 3020 etc.
1314 2965 1529 3038 quidem
1554 2967 1834 3033 vorstius,
1856 2985 2015 3038 quem
2043 2967 2233 3019 merito
2263 2986 2340 3020 se·

296 3068 345 3101 ².
382 3035 693 3102 Necessitati:
716 3052 973 3101 excusatio.
1001 3047 1198 3101 Seneca
1212 3086 1227 3110 ‚
1314 3059 1512 3119 quutus
1529 3061 1609 3101 est
1628 3047 1949 3112 Torrenius,
1973 3047 2229 3112 restituit,
2252 3045 2341 3100 ad·

227 3126 293 3179 lv
321 3128 551 3183 nectam.
584 3129 855 3182 Necessitas
889 3147 1113 3198 mgnum
1139 3128 1227 3179 Ιω-
1314 3127 1688 3199 stipulnntibns
1709 3125 2027 3198 quibusdam
2054 3125 2178 3180 edd.
2209 3139 2336 3180 vett.

227 3226 361 3259 nane
388 3209 726 3262 inbecillitatis
744 3211 1086 3280 patrocinium.
1313 3220 1369 3261 et
1396 3207 1745 3280 probantibus
1779 3207 2017 3260 GronoV.
2045 3219 2100 3260 et
2123 3207 2336 3260 Perizo-

296 3290 343 3342 3.
365 3288 865 3360 Calagurritanorum.
886 3290 987 3341 An.
1001 3288 1072 3341 U.
1095 3289 1227 3342 681.
1314 3288 1426 3340 nio.
1458 3287 1644 3340 Plures
1682 3286 1830 3339 MSS.
1869 3289 1954 3339 En
1985 3306 2117 3359 quem
2144 3288 2336 3359 «liquis.

227 3365 350 3420 nor.
370 3368 485 3434 m,
506 3389 575 3423 υ
595 3389 613 3435 3
639 3369 796 3422 Oros.
815 3369 885 3433 V,
914 3369 983 3421 23
1001 3386 1019 3433 ;
1038 3368 1229 3420 Juven.
1316 3368 1450 3420 Alii:
1473 3368 1556 3418 En
1580 3386 1786 3438 unquam
1803 3367 1992 3440 aliquis.
2014 3367 2167 3438 Pigh.
2189 3368 2341 3420 Eam·

226 3445 755 3520 XV‚93.Calagnrris
768 3449 895 3501 urbs
914 3461 992 3501 est
1009 3448 1229 3519 Hispan.
1317 3467 1376 3499 m
1405 3447 1598 3519 aliquis.
1626 3445 1734 3498 Alii
1764 3446 1932 3500 aliter.

227 3525 493 3582 Tarracon.
512 3549 658 3582 nunc
680 3529 957 3582 calabon-a
974 3529 1028 3580 in
1048 3527 1231 3581 caecil.
1400 3546 1454 3598 7.
1482 3527 1702 3593 Affim.
1722 3525 1789 3578 ld
1806 3539 1884 3579 est
1897 3565 1913 3593 ,
1933 3527 2218 3599 Potnpeius
2233 3527 2340 3579 uti·

298 3614 346 3671 4.
366 3609 662 3680 Inter-mpii.
689 3610 839 3662 Inter
859 3607 1040 3679 epulas
1057 3626 1087 3660 a
1104 3608 1231 3660 Per·
1317 3626 1423 3681 qne
1450 3626 1515 3660 ex
1544 3619 1653 3660 tam
1683 3607 1900 3659 immani
1943 3607 2094 3660 hoste
2131 3624 2338 3678 ponam

230 3704 409 3756 penna,
434 3690 613 3760 legato
635 3708 754 3742 suo.
1317 3688 1522 3758 potius,
1551 3705 1712 3758 quam
1736 3687 2014 3740 victoriam
2039 3698 2222 3757 petere
2247 3684 2340 3739 de·

304 3768 351 3821 5.
389 3768 565 3822 satim.
616 3770 841 3824 Colerus
883 3768 1012 3860 legit
1037 3767 1228 3830 sellis-0,
1318 3768 1453 3820 huit.
1475 3767 1615 3820 Nam
1633 3765 1762 3819 dum
1783 3768 1990 3837 gravius
2008 3767 2064 3818 in
2085 3785 2206 3819 eum
2228 3767 2341 3819 ani-

234 3848 406 3917 panim
418 3850 777 3903 exlibroDan.
792 3848 1022 3920 ,partim
1034 3867 1097 3900 ex
1107 3866 1237 3940 pr..-
1320 3846 1674 3900 madverteret
1686 3886 1703 3912 ‚
1722 3865 1947 3918 eumque
1962 3847 2176 3918 puniret
2188 3885 2205 3911 ,
2223 3847 2344 3917 plus

235 3928 990 4019 ceptoDiomedisgrammatici
1000 3928 1239 3981 vetustis-
1322 3927 1591 3980 consuluit
1619 3927 1884 3980 securitati
1917 3927 2168 3996 publico,
2185 3944 2342 3998 quem

1322 4027 1366 4060 si
1351 4008 1562 4079 'glorie
1571 4026 1677 4061 suc
1690 4004 2062 4060 tantummodo
2073 4006 2342 4068 inservire,

310 4091 357 4139 6.
390 4090 500 4141 Hor
494 4102 700 4143 eamear.
732 4090 796 4141 In
831 4088 913 4141 his
947 4099 1091 4160 patet
1127 4105 1237 4140 esse
1323 4088 1644 4160 hostemque
1670 4088 1867 4140 victum
1899 4105 2208 4140 conservare
2238 4105 2349 4139 mn-

247 4164 460 4221 ironiam.
485 4171 551 4221 Et
577 4188 758 4221 sensus
780 4167 994 4238 quidem
1019 4168 1107 4220 hic
1130 4180 1234 4219 est:
1327 4167 1528 4221 luisset.
