3143 5204
808 439 899 511 52
1169 443 1617 511 VALERII
1673 443 2089 511 MAXIMI
2146 446 2337 513 LIB.
2393 447 2575 515 VII.

804 577 925 643 Cn.
966 578 1203 643 Oreste
1246 590 1525 669 praetore
1569 574 1753 643 urbis
1794 577 2259 670 impetraverat
2278 632 2296 665 ,
2337 593 2412 646 ut
2454 569 2707 647 restitui
2744 605 2814 648 se
2857 584 2926 650 in

802 682 979 751 bona
996 683 1296 750 Naeviani
1315 681 1576 775 juberet
1592 735 1611 767 ,
1632 706 1917 775 quorum
1944 685 2417 776 possessionem
2440 685 2802 754 secundum
2827 701 2926 756 ta-

800 788 989 858 bulas
1020 790 1392 857 testamenti
1427 787 1511 855 ab
1542 789 1684 882 ipso
1728 804 2089 883 acceperat.
2128 788 2513 885 Appellatus
2546 794 2927 863 Mamercus

800 920 839 964 a
870 895 1190 983 Surdino,
1215 893 1401 988 cujus
1430 892 1701 963 libertus
1730 896 2101 963 Genucium
2132 896 2439 965 heredem
2471 897 2748 985 fecerat,
2771 924 2929 994 prae-

800 1005 1036 1072 toriam
1079 1001 1601 1095 jurisdictionem
1647 1000 2027 1095 abrogavit,
2066 1002 2244 1095 quod
2285 1003 2533 1072 diceret
2550 1058 2569 1091 ,
2618 1036 2651 1069 «
2689 1007 2927 1074 Genu-

800 1111 975 1178 cium
1037 1109 1391 1202 amputatis
1439 1108 1540 1177 sui
1569 1107 1586 1130 ¹
1642 1108 1843 1202 ipsius
1898 1122 2131 1202 sponte
2188 1108 2575 1204 genitalibus
2628 1114 2930 1205 corporis

799 1215 1130 1311 partibuS,
1159 1239 1373 1309 neque
1398 1215 1730 1300 virorum,
1758 1238 1971 1308 neque
2001 1213 2349 1285 mulierum
2388 1241 2665 1285 numero
2694 1216 2930 1287 haberi

796 1321 1059 1391 debere.
1084 1350 1118 1386 2>
1152 1322 1570 1390 Conveniens
1593 1323 1972 1408 Mamerco,
2003 1324 2400 1391 conveniens
2430 1324 2710 1419 principi
2740 1349 2931 1397 sena-

798 1443 904 1497 tus
932 1423 1307 1515 decretum}
1328 1452 1462 1521 quo
1485 1427 1823 1522 provisum
1854 1442 1985 1514 est,
2008 1452 2091 1497 ne
2120 1428 2430 1499 obscoena
2453 1431 2731 1499 Genucii
2759 1456 2931 1526 prae-

797 1535 1010 1603 sentia
1035 1588 1054 1621 ,
1094 1535 1560 1628 inquinataque
1610 1558 1775 1603 voce
1799 1585 1817 1619 ‚
1860 1533 2213 1603 tribunalia
2260 1537 2764 1631 magistratuum
2806 1537 2933 1606 sub

798 1642 1014 1735 specie
1057 1642 1242 1736 petiti
1271 1641 1437 1734 juris
1478 1638 1951 1735 polluerentur.

910 1790 979 1860 7.
1024 1762 1241 1833 Multo
1282 1766 1368 1852 Q.
1409 1761 1719 1832 Metellus
1769 1777 2117 1858 praetorem
2163 1765 2488 1833 urbanum
2531 1767 2933 1835 severiorem

799 1868 996 1965 egit²,
1026 1895 1224 1964 quam
1263 1872 1532 1940 Orestes
1566 1884 1894 1964 gesserat:
1928 1871 2041 1963 qui
2066 1869 2311 1940 Vetilio
2347 1869 2568 1940 lenoni
2600 1871 2934 1941 bonorum

799 1982 835 2047 J
841 1962 1125 2045 uventii³
1171 1978 1646 2071 possessionem
1686 1975 2047 2044 secundum
2092 1975 2348 2046 tabulas
2384 1979 2758 2047 testamenti
2795 2004 2934 2048 non

801 2082 986 2153 dedit
1008 2109 1028 2171 ;
1054 2084 1211 2177 quia
1241 2084 1339 2151 vir
1365 2081 1808 2151 nobilissimus
1834 2097 1903 2150 et
1926 2083 2381 2176 gravissimuS,
2410 2084 2537 2153 fori
2564 2108 2641 2154 ac
2670 2084 2942 2180 lupana—

803 2190 894 2259 ris
930 2189 1364 2285 separandam
1409 2188 1858 2258 conditionem
1895 2190 2325 2258 existimavit:
2366 2215 2489 2261 nec
2530 2206 2646 2261 aut
2684 2191 2937 2261 factum

803 2294 973 2366 illius
1020 2296 1456 2391 comprobare
1501 2293 1747 2382 voluit,
1788 2296 1899 2389 qui
1945 2294 2242 2365 fortunas
2294 2320 2444 2366 suas
2493 2299 2561 2366 in
2603 2297 2939 2367 stabulum

807 2405 1326 2473 contaminatum
1350 2401 1757 2498 projecerat;
1788 2416 1903 2470 aut
1933 2400 2089 2470 huic
2117 2416 2453 2496 tamquam
2484 2404 2739 2499 integro
2754 2392 2783 2440 ⁴*
2806 2407 2938 2473 civi

802 2510 955 2604 jura
992 2508 1301 2595 reddere,
1336 2508 1450 2600 qui
1489 2531 1557 2575 se
1601 2507 1689 2574 ob
1728 2508 1909 2576 omni
1945 2507 2228 2577 honesto
2264 2510 2414 2579 vitae
2450 2535 2692 2605 genere
2728 2510 2939 2579 abru-

807 2630 1012 2711 perat.

811 2808 1032 2866 mirum,
1050 2808 1250 2881 Cybele
1261 2820 1444 2862 vocata
1458 2846 1474 2876 ‚
1489 2810 1640 2880 cujus
1663 2825 1832 2861 sacer-
2005 2831 2026 2860 ι
2039 2848 2052 2861 .
2074 2808 2167 2861 Stu’
2187 2813 2350 2880 «wius.
2370 2811 2552 2865 Vorst.
2570 2811 2720 2863 malit
2740 2830 2804 2864 ex
2826 2831 2939 2865 uno

814 2886 1124 2960 dotesgulli‚
1139 2907 1194 2943 se
1212 2890 1354 2960 ipsos
1365 2888 1654 2941 evitabant.
1670 2886 1829 2941 Ovid.
1919 2887 2183 2944 Brandeh.
2212 2909 2301 2941 sua
2330 2893 2492 2960 ipsius.

819 2968 1070 3022 Fast.1V.
1100 2967 1206 3021 Sed
1231 2966 1625 3039 quodammodo
1654 2980 1835 3041 turpes
2005 2988 2056 3021 α.
2098 2969 2244 3037 Egit.
2273 2970 2375 3022 An.
2399 2970 2471 3023 U.
2504 2970 2636 3023 680.

817 3048 987 3101 habiti
1015 3062 1154 3101 sunt.
1196 3081 1278 3092 —-
1302 3049 1543 3102 Noeviani.
1589 3048 1834 3102 Perizou.
2005 3049 2058 3102 3.
2089 3048 2316 3101 Iuventa.
2347 3049 2451 3100 Alii
2485 3050 2679 3102 Vibieni
2689 3087 2706 3115 ,
2733 3051 2936 3112 Inveni,

817 3127 904 3181 cui
924 3128 1284 3197 Schultingius
1301 3126 1668 3200 adstipulatur,
1687 3140 1838 3200 putat
1921 3128 2139 3186 Iuvenes,
2171 3127 2374 3181 lamii.

818 3206 1101 3278 legendum
1116 3227 1227 3261 esse
1245 3208 1507 3268 Noeviana;
1521 3207 1667 3279 quod
1683 3209 1840 3261 liber·
2007 3213 2058 3269 4.
2100 3207 2313 3277 Integra.
2339 3209 2631 3280 Tamquam
2655 3220 2790 3262 esset
2810 3210 2943 3263 civis

820 3300 907 3340 tus
936 3289 1107 3341 fuerat
1142 3288 1304 3341 Noevii
1344 3288 1573 3353 Sur-dini,
1611 3286 1839 3359 ideoque
1923 3287 2387 3358 incorruptus,cui
2402 3287 2666 3344 hereditas
2680 3287 2827 3343 haud
2847 3289 2944 3343 du-

819 3365 1017 3422 dicitur
1045 3368 1264 3432 Νεενίω,
1298 3387 1407 3420 non
1438 3369 1715 3422 Noevismus.
1924 3367 2011 3419 bie
2034 3364 2306 3421 reddenda
2329 3369 2525 3422 fuisset.
