3143 5204
723 438 856 513 182
1066 439 1504 508 VALERII
1574 437 1993 505 MAXIMI
2047 439 2250 505 LIB.
2320 439 2454 505 IX.

710 576 786 643 C.
845 572 1167 641 Toranius
1235 570 1580 639 atrocitate
1641 566 1973 661 parricidii
2038 567 2416 662 superavit¹
2460 593 2478 635 z
2551 590 2838 663 namque

714 678 1133 749 triumvirum
1156 689 1379 770 partes
1404 688 1752 769 sequutus,
1784 675 2138 768 proscripti
2171 676 2378 769 patris
2413 676 2513 744 sui
2549 677 2840 770 praetorii

713 799 782 853 et
806 784 1023 853 ornati
1056 784 1182 851 viri
1219 781 1533 867 latebras,
1561 794 1854 866 aetatem,
1889 795 2212 874 notasque
2233 783 2568 875 corporis,
2600 782 2840 876 quikms

715 890 988 985 agnosci
1024 903 1283 983 posset,
1322 886 1814 958 centurionibus
1860 886 2100 974 edidit,
2137 890 2248 981 qui
2277 913 2432 957 eum
2459 890 2842 982 persequuti

713 1011 907 1065 sunt:
954 1020 1153 1065 senex
1190 994 1274 1062 de
1318 990 1433 1062 filii
1480 994 1690 1089 magis
1737 995 1876 1061 vita
1916 1008 1985 1062 et
2024 994 2476 1095 incrementis,
2520 1018 2722 1089 quam
2758 994 2843 1063 de

634 1162 645 1171 .
714 1100 968 1196 reliquo
1013 1102 1246 1196 spiritu
1289 1123 1408 1170 suo
1450 1097 1761 1170 sollicitus
1785 1152 1805 1186 ‚
1846 1122 1945 1169 an
1986 1102 2338 1170 incolumis
2375 1116 2602 1186 asset,
2643 1115 2710 1169 et
2746 1125 2846 1170 an

717 1205 1235 1306 imperatoribus
1252 1200 1273 1230 ²
1324 1206 1768 1298 satisfaceret
1781 1261 1806 1294 ,
1863 1207 2274 1301 interrogare
2331 1231 2445 1276 eos
2503 1209 2705 1301 coepit
2747 1232 2764 1274 ε
2807 1232 2846 1275 e

718 1314 957 1410 quibus
1003 1338 1174 1383 unus
1194 1366 1214 1400 ‚
1255 1313 1376 1384 Ab
1426 1315 1545 1383 illo
1564 1366 1588 1401 ,
1643 1312 1893 1408 inquit,
1935 1338 2134 1408 quem
2184 1329 2542 1409 tantopere
2577 1313 2842 1407 diligis,

717 1419 1218 1490 demonstratus
1228 1473 1251 1506 ‚
1299 1435 1533 1491 nostro
1578 1424 1944 1489 nominet-eb
1961 1421 2159 1515 ,filit
2188 1419 2436 1489 indicio
2473 1419 2846 1489 occideris·
2818 1473 2844 1507 ‚

722 1528 1155 1657 protinusque
1190 1539 1423 1621 pectus
1473 1526 1613 1622 ejus
1664 1524 1880 1621 gladio
1925 1526 2222 1621 trajecit3
2254 1524 2581 1645 collapsus
2627 1528 2850 1619 itaque

721 1648 824 1702 est
859 1618 1116 1703 infelix³
1121 1647 1445 1721 ‚auctore
1487 1632 1680 1703 caedis
1715 1657 1912 1727 quam
1953 1634 2096 1727 ipsa
2130 1631 2307 1702 caede
2340 1634 2662 1702 miserior.

833 1763 902 1836 6.
945 1767 1153 1859 Cujus
1197 1764 1315 1836 fati
1360 1765 1787 1835 acerbitatem
1824 1768 1900 1835 L.
1931 1764 2165 1836 Villius
2202 1753 2534 1836 Anmlis⁴
2550 1766 2852 1855 sortitus,

725 1896 931 1966 quum
972 1873 1042 1940 in
1083 1884 1390 1967 campum
1442 1872 1528 1941 ad
1569 1874 1921 1967 quaestoria
1957 1874 2222 1942 comitia
2259 1871 2374 1941 filii
2414 1871 2854 1962 descendem,

727 1979 1170 2074 proscriptum
1225 2003 1295 2048 se
1351 1992 1703 2072 cognosset
1723 2032 1743 2066 ,
1779 1977 1864 2046 ad
1917 1976 2220 2048 clientem
2279 2003 2473 2049 suum
2518 1978 2856 2072 confligit3

730 2083 846 2153 sed
900 2109 984 2153 ne
1022 2080 1152 2153 fide
1189 2084 1329 2177 ejus
1368 2099 1549 2153 tutus
1587 2108 1726 2154 esse
1762 2099 2017 2178 posset,
2059 2083 2303 2154 scelere
2334 2085 2565 2153 nefarii
2594 2085 2857 2177 juvenis

730 2190 1049 2260 effectum
1094 2206 1236 2261 est:
1270 2190 1590 2285 siquidem
1637 2214 1760 2286 per
1797 2193 1939 2286 ipsa
1979 2192 2255 2285 vestigia
2296 2193 2500 2286 patris
2539 2190 2859 2260 militibus

729 2296 989 2385 ductis,
1045 2296 1479 2375 occidendum
1526 2322 1678 2367 eum
1729 2299 1798 2365 in
1852 2311 2212 2393 conspectu
2257 2322 2378 2367 suo
2430 2298 2704 2392 objecit:
2759 2297 2860 2366 bis

727 2404 1054 2500 parricida
1072 2458 1092 2492 ‚
1136 2403 1404 2474 consilio
1416 2405 1665 2559 5prius,
1708 2405 1948 2473 iteruin
1987 2403 2382 2500 spectaculo.

844 2561 911 2632 7.
979 2539 1083 2608 Ne
1125 2520 1439 2608 Vettius⁵
1491 2536 1758 2632 quidem
1816 2535 2111 2608 Salassus
2164 2537 2572 2633 proscriptus
2623 2561 2860 2633 parum

733 2644 943 2711 amari
992 2645 1249 2729 exitus,
1297 2668 1494 2737 quem
1534 2641 1848 2714 latentem
1892 2670 2060 2714 uxor
2104 2643 2672 2732 interficiendum,
2704 2644 2863 2739 quid

737 2732 991 2817 (Ιιιειιιιι6
995 2747 1360 2838 t,radidit,
1402 2774 1488 2817 an
1532 2751 1671 2844 ipsa
1709 2749 2083 2846 jugulavit?
2121 2752 2394 2840 Quanto
2434 2753 2612 2822 enim
2650 2699 2866 2820 ievius

739 2868 839 2922 est
881 2853 1125 2942 scelu5‚
1167 2857 1273 2925 cui
1315 2855 1778 2927 tantummodo
1819 2877 2053 2927 manus
2090 2855 2322 2928 abest?

796 3087 801 3090 ²
827 3085 874 3118 1.
909 3066 1178 3137 Super-avit.
1197 3068 1260 3119 A.
1286 3067 1358 3120 U.
1381 3084 1511 3137 710.
1533 3068 1760 3140 Appinn.
1846 3081 1957 3120 non
1979 3079 2059 3121 est
2077 3065 2351 3121 admissus,
2376 3066 2870 3132 Quarovehementi

744 3146 901 3199 Civil.
939 3153 998 3211 4;
1032 3147 1187 3199 Oros.
1206 3146 1321 3208 VI,
1353 3149 1439 3200 18.
1846 3145 2207 3238 indignatione
2220 3157 2514 3201 commotus
2524 3147 2871 3217 ,neinperse-

828 3245 877 3278 α.
910 3226 1292 3296 Imperator-ibus.
1321 3227 1582 3289 Antonio,
1603 3227 1761 3298 Lepi·
1847 3227 2122 3297 quentium
2132 3227 2646 3298 manusperveniret,
2653 3227 2754 3280 sibi
2768 3228 2873 3296 gl·

745 3304 847 3368 dc,
894 3306 1163 3376 Auguste,
1211 3307 1516 3359 triumviris.
1560 3308 1640 3360 Ex
1680 3308 1764 3360 his
1848 3305 1941 3359 dio
1957 3320 2140 3377 pectus
2152 3308 2413 3360 transfixit
2425 3320 2735 3377 ‚postesque
2751 3324 2870 3359 cm·

744 3385 995 3456 exemplis
1005 3399 1174 3456 patet,
1187 3405 1347 3457 quam
1366 3386 1594 3440 nefanda
1609 3404 1762 3440 mon·
1849 3384 2872 3458 delissimnoonjugissanguineaspersit.

744 3477 851 3520 stra
869 3463 1120 3519 dissoluta
1145 3467 1505 3522 Romanorum
1522 3466 1630 3521 vita
1650 3479 1766 3521 tum
1850 3467 2041 3519 Uxor
2026 3467 2189 3538 igitur
2205 3467 2452 3518 maritum
2476 3484 2586 3518 ιιοιι
2606 3465 2872 3559 prodidit,

746 3545 1000 3615 temporis
1029 3548 1313 3617 pepererit.
1390 3561 1395 3567 ·
1850 3545 1944 3600 sed
1966 3548 2074 3600 suis
2097 3548 2338 3600 manibus
2368 3545 2761 3617 quodamnodo
2787 3549 2874 3618 jn·

831 3627 881 3678 3.
924 3625 1117 3691 Infiliae.
1153 3625 1264 3679 MS.
1298 3625 1447 3680 addit
1476 3639 1633 3697 pater.
1661 3625 1768 3680 Sed
1849 3627 2064 3698 gulavit.

748 3724 811 3761 ex
840 3705 1029 3778 glossa.
1934 3711 1991 3760 6.
2030 3707 2167 3775 Quid
2205 3707 2378 3759 dicam.
2418 3706 2730 3760 Perizonius
2779 3707 2875 3758 has

830 3791 881 3850 4.
903 3783 1130 3839 Sortitus.
1152 3786 1252 3838 An.
1282 3788 1350 3838 U.
1377 3804 1408 3856 7
1422 3804 1509 3839 ιο.
1537 3786 1765 3858 Appiam.
1860 3805 2015 3839 voees
2039 3786 2122 3840 vel
2154 3800 2431 3858 utramque
2447 3826 2462 3850 ,
2482 3787 2567 3839 vel
2590 3786 2778 3839 saltem
2801 3787 2877 3838 al-

748 3865 863 3918 Civ.
902 3870 953 3928 4.
1861 3879 2118 3919 tes-utram
2158 3866 2445 3937 elegantius
2487 3867 2665 3919 abesse
2707 3879 2875 3937 putat.

833 3945 882 3996 5.
924 3942 1129 4010 Eodem
1169 3963 1326 3998 anno.
1361 3945 1460 3997 Hic
1494 3945 1708 3998 Vettius
1746 3965 1775 3997 a
1861 3947 2135 3999 Immerito
2154 3983 2171 4008 ,
2199 3958 2254 3997 et
2278 3960 2466 3998 contra
2488 3946 2646 3999 MSS.
2676 3964 2878 3999 omnes.

748 4024 1041 4076 triumviris
1053 4026 1377 4096 proscriptus
1390 4066 1404 4090 ,
1422 4044 1586 4095 quum
1603 4023 1669 4077 ad
1683 4044 1776 4095 po-
1862 4059 1941 4069 --
1955 4027 2092 4095 Quid
2100 4026 2405 4097 dicamsaepe
2422 4027 2615 4096 legitur
2631 4025 2715 4080 vel
2738 4024 2880 4096 apud

750 4100 900 4156 sticas
916 4105 1092 4158 uxoris
1119 4103 1254 4159 oedes
1268 4105 1581 4176 profugisset
1595 4141 1614 4170 9
1626 4105 1693 4157 ab
1712 4125 1772 4158 ea
1863 4108 1974 4160 Cic.
1987 4106 2053 4158 de
2066 4105 2115 4158 N
2120 4107 2293 4159 .Deor.
2308 4107 2355 4172 Ι,
2366 4108 2574 4175 94311,1
2587 4126 2614 4159 2
2624 4125 2658 4174 9
2670 4119 2723 4159 et
2733 4105 2877 4159 alibi.
