<?xml version="1.0" encoding="UTF-8"?>
<!DOCTYPE html PUBLIC "-//W3C//DTD XHTML 1.0 Transitional//EN"
    "http://www.w3.org/TR/xhtml1/DTD/xhtml1-transitional.dtd">
<html xmlns="http://www.w3.org/1999/xhtml" xml:lang="en" lang="en">
 <head>
  <title>
</title>
<meta http-equiv="Content-Type" content="text/html;charset=utf-8" />
  <meta name='ocr-system' content='tesseract 3.04.00' />
  <meta name='ocr-capabilities' content='ocr_page ocr_carea ocr_par ocr_line ocrx_word'/>
</head>
<body>
  <div class='ocr_page' id='page_1' title='image "./valeriusmaximus02lykogoog_0209.png"; bbox 0 0 3143 5204; ppageno 0'>
   <div class='ocr_carea' id='block_1_1' title="bbox 521 458 2397 556">
    <p class='ocr_par' dir='ltr' id='par_1_1' title="bbox 521 458 2397 556">
     <span class='ocr_line' id='line_1_1' title="bbox 521 458 2397 556; baseline 0.001 -30"><span class='ocrx_word' id='word_1_1' title='bbox 521 460 728 526; x_wconf 81' lang='lat' dir='ltr'><strong>CAP.</strong></span> <span class='ocrx_word' id='word_1_2' title='bbox 771 459 999 543; x_wconf 85' lang='lat' dir='ltr'><strong>x111,</strong></span> <span class='ocrx_word' id='word_1_3' title='bbox 1039 459 1172 526; x_wconf 81' lang='lat' dir='ltr'><strong>DE</strong></span> <span class='ocrx_word' id='word_1_4' title='bbox 1211 458 1815 528; x_wconf 84' lang='lat' dir='ltr'>CUPIDITATE</span> <span class='ocrx_word' id='word_1_5' title='bbox 1859 462 2139 529; x_wconf 83' lang='lat' dir='ltr'><strong>VITAE.</strong></span> <span class='ocrx_word' id='word_1_6' title='bbox 2264 486 2397 556; x_wconf 85' lang='lat'><strong>¹97</strong></span> 
     </span>
    </p>
   </div>
   <div class='ocr_carea' id='block_1_2' title="bbox 292 589 2412 982">
    <p class='ocr_par' dir='ltr' id='par_1_2' title="bbox 292 589 2412 982">
     <span class='ocr_line' id='line_1_2' title="bbox 293 589 2406 685; baseline 0.001 -27"><span class='ocrx_word' id='word_1_7' title='bbox 293 592 449 679; x_wconf 87' lang='lat' dir='ltr'><strong>Quo</strong></span> <span class='ocrx_word' id='word_1_8' title='bbox 499 606 636 659; x_wconf 88' lang='lat' dir='ltr'><strong>tam</strong></span> <span class='ocrx_word' id='word_1_9' title='bbox 686 589 813 659; x_wconf 89' lang='lat' dir='ltr'><strong>late</strong></span> <span class='ocrx_word' id='word_1_10' title='bbox 862 604 1094 685; x_wconf 86' lang='lat' dir='ltr'><strong>patens</strong></span> <span class='ocrx_word' id='word_1_11' title='bbox 1136 590 1529 685; x_wconf 81' lang='lat' dir='ltr'><strong>imperium?</strong></span> <span class='ocrx_word' id='word_1_12' title='bbox 1574 616 1707 684; x_wconf 91' lang='lat' dir='ltr'><strong>quo</strong></span> <span class='ocrx_word' id='word_1_13' title='bbox 1748 606 1968 663; x_wconf 88' lang='lat' dir='ltr'><strong>tantus</strong></span> <span class='ocrx_word' id='word_1_14' title='bbox 2011 591 2028 616; x_wconf 85' lang='lat'><em>¹</em></span> <span class='ocrx_word' id='word_1_15' title='bbox 2053 591 2406 664; x_wconf 86' lang='lat' dir='ltr'><strong>liberorum</strong></span> 
     </span>
     <span class='ocr_line' id='line_1_3' title="bbox 292 696 2412 791; baseline 0.002 -26"><span class='ocrx_word' id='word_1_16' title='bbox 292 696 656 766; x_wconf 79' lang='lat' dir='ltr'><strong>numerus?</strong></span> <span class='ocrx_word' id='word_1_17' title='bbox 688 722 821 791; x_wconf 90' lang='lat' dir='ltr'><strong>quo</strong></span> <span class='ocrx_word' id='word_1_18' title='bbox 856 696 1137 790; x_wconf 86' lang='lat' dir='ltr'><strong>denique</strong></span> <span class='ocrx_word' id='word_1_19' title='bbox 1174 710 1313 766; x_wconf 84' lang='lat' dir='ltr'><strong>tam</strong></span> <span class='ocrx_word' id='word_1_20' title='bbox 1347 711 1529 767; x_wconf 87' lang='lat' dir='ltr'><strong>arcta</strong></span> <span class='ocrx_word' id='word_1_21' title='bbox 1565 696 2020 768; x_wconf 83' lang='lat' dir='ltr'><strong>benevolentia</strong></span> <span class='ocrx_word' id='word_1_22' title='bbox 2056 702 2412 770; x_wconf 87' lang='lat' dir='ltr'><strong>constricta</strong></span> 
     </span>
     <span class='ocr_line' id='line_1_4' title="bbox 292 802 2410 888; baseline 0.001 -16"><span class='ocrx_word' id='word_1_23' title='bbox 292 828 575 872; x_wconf 88' lang='lat' dir='ltr'><strong>romana</strong></span> <span class='ocrx_word' id='word_1_24' title='bbox 615 806 930 888; x_wconf 86' lang='lat' dir='ltr'><strong>amicitia,</strong></span> <span class='ocrx_word' id='word_1_25' title='bbox 975 804 1026 872; x_wconf 90' lang='lat' dir='ltr'><strong>si</strong></span> <span class='ocrx_word' id='word_1_26' title='bbox 1066 803 1150 871; x_wconf 89' lang='lat' dir='ltr'><strong>ad</strong></span> <span class='ocrx_word' id='word_1_27' title='bbox 1186 802 1328 874; x_wconf 81' lang='lat' dir='ltr'><strong>haec</strong></span> <span class='ocrx_word' id='word_1_28' title='bbox 1376 803 1622 873; x_wconf 88' lang='lat' dir='ltr'><strong>tuenda</strong></span> <span class='ocrx_word' id='word_1_29' title='bbox 1671 803 1834 873; x_wconf 85' lang='lat' dir='ltr'>nihil</span> <span class='ocrx_word' id='word_1_30' title='bbox 1884 808 2121 875; x_wconf 90' lang='lat' dir='ltr'><strong>canino</strong></span> <span class='ocrx_word' id='word_1_31' title='bbox 2166 806 2410 875; x_wconf 86' lang='lat' dir='ltr'><strong>latratu</strong></span> 
     </span>
     <span class='ocr_line' id='line_1_5' title="bbox 292 907 1282 982; baseline 0.004 -4"><span class='ocrx_word' id='word_1_32' title='bbox 292 934 373 981; x_wconf 91' lang='lat' dir='ltr'><strong>ac</strong></span> <span class='ocrx_word' id='word_1_33' title='bbox 410 936 641 980; x_wconf 89' lang='lat' dir='ltr'><strong>morsu</strong></span> <span class='ocrx_word' id='word_1_34' title='bbox 675 910 998 979; x_wconf 86' lang='lat' dir='ltr'><strong>valentius</strong></span> <span class='ocrx_word' id='word_1_35' title='bbox 1035 907 1282 982; x_wconf 71' lang='lat' dir='ltr'><strong>duxit?</strong></span> 
     </span>
    </p>
   </div>
   <div class='ocr_carea' id='block_1_3' title="bbox 291 1026 2420 1870">
    <p class='ocr_par' dir='ltr' id='par_1_3' title="bbox 291 1026 2420 1870">
     <span class='ocr_line' id='line_1_6' title="bbox 420 1026 2414 1126; baseline 0 -28"><span class='ocrx_word' id='word_1_36' title='bbox 420 1026 487 1098; x_wconf 87' lang='lat'><strong>3.</strong></span> <span class='ocrx_word' id='word_1_37' title='bbox 551 1031 698 1098; x_wconf 90' lang='lat' dir='ltr'><strong>Hoc</strong></span> <span class='ocrx_word' id='word_1_38' title='bbox 751 1055 905 1124; x_wconf 85' lang='lat' dir='ltr'><strong>rege</strong></span> <span class='ocrx_word' id='word_1_39' title='bbox 957 1027 1280 1097; x_wconf 85' lang='lat' dir='ltr'><strong>infelicior</strong></span> <span class='ocrx_word' id='word_1_40' title='bbox 1331 1027 1702 1098; x_wconf 84' lang='lat' dir='ltr'><strong>Alexander</strong></span> <span class='ocrx_word' id='word_1_41' title='bbox 1721 1028 1768 1116; x_wconf 83' lang='lat'><strong>²,</strong></span> <span class='ocrx_word' id='word_1_42' title='bbox 1818 1030 2004 1123; x_wconf 90' lang='lat' dir='ltr'><strong>cujus</strong></span> <span class='ocrx_word' id='word_1_43' title='bbox 2052 1031 2414 1126; x_wconf 83' lang='lat' dir='ltr'><strong>praecordia</strong></span> 
     </span>
     <span class='ocr_line' id='line_1_7' title="bbox 294 1134 2414 1231; baseline 0.003 -31"><span class='ocrx_word' id='word_1_44' title='bbox 294 1134 455 1203; x_wconf 88' lang='lat' dir='ltr'><strong>hinc</strong></span> <span class='ocrx_word' id='word_1_45' title='bbox 478 1148 688 1219; x_wconf 84' lang='lat' dir='ltr'><strong>amor,</strong></span> <span class='ocrx_word' id='word_1_46' title='bbox 707 1137 863 1207; x_wconf 90' lang='lat' dir='ltr'><strong>hinc</strong></span> <span class='ocrx_word' id='word_1_47' title='bbox 882 1149 1095 1204; x_wconf 90' lang='lat' dir='ltr'><strong>metus</strong></span> <span class='ocrx_word' id='word_1_48' title='bbox 1114 1150 1480 1224; x_wconf 81' lang='lat' dir='ltr'><strong>torserunt3</strong></span> <span class='ocrx_word' id='word_1_49' title='bbox 1503 1161 1659 1205; x_wconf 86' lang='lat' dir='ltr'><strong>nam</strong></span> <span class='ocrx_word' id='word_1_50' title='bbox 1678 1162 1884 1231; x_wconf 88' lang='lat' dir='ltr'><strong>quum</strong></span> <span class='ocrx_word' id='word_1_51' title='bbox 1903 1137 2160 1206; x_wconf 88' lang='lat' dir='ltr'><strong>infinito</strong></span> <span class='ocrx_word' id='word_1_52' title='bbox 2176 1137 2414 1206; x_wconf 87' lang='lat' dir='ltr'><strong>ardore</strong></span> 
     </span>
     <span class='ocr_line' id='line_1_8' title="bbox 293 1241 2415 1338; baseline 0.001 -30"><span class='ocrx_word' id='word_1_53' title='bbox 293 1241 597 1338; x_wconf 85' lang='lat' dir='ltr'><strong>conjugis</strong></span> <span class='ocrx_word' id='word_1_54' title='bbox 630 1242 888 1311; x_wconf 88' lang='lat' dir='ltr'><strong>Thebes</strong></span> <span class='ocrx_word' id='word_1_55' title='bbox 924 1257 1280 1325; x_wconf 85' lang='lat' dir='ltr'><strong>teneretur,</strong></span> <span class='ocrx_word' id='word_1_56' title='bbox 1317 1242 1401 1311; x_wconf 87' lang='lat' dir='ltr'><strong>ad</strong></span> <span class='ocrx_word' id='word_1_57' title='bbox 1437 1242 1737 1311; x_wconf 88' lang='lat' dir='ltr'><strong>eamdem</strong></span> <span class='ocrx_word' id='word_1_58' title='bbox 1774 1268 1855 1311; x_wconf 86' lang='lat' dir='ltr'><strong>ex</strong></span> <span class='ocrx_word' id='word_1_59' title='bbox 1885 1242 2091 1338; x_wconf 89' lang='lat' dir='ltr'><strong>epulis</strong></span> <span class='ocrx_word' id='word_1_60' title='bbox 2127 1246 2195 1311; x_wconf 88' lang='lat' dir='ltr'><strong>in</strong></span> <span class='ocrx_word' id='word_1_61' title='bbox 2231 1244 2415 1313; x_wconf 89' lang='lat' dir='ltr'><strong>cubi·</strong></span> 
     </span>
     <span class='ocr_line' id='line_1_9' title="bbox 293 1335 2416 1443; baseline 0.001 -30"><span class='ocrx_word' id='word_1_62' title='bbox 293 1346 520 1416; x_wconf 86' lang='lat' dir='ltr'><strong>culum</strong></span> <span class='ocrx_word' id='word_1_63' title='bbox 571 1351 875 1435; x_wconf 84' lang='lat' dir='ltr'><strong>veniens,</strong></span> <span class='ocrx_word' id='word_1_64' title='bbox 921 1349 1279 1418; x_wconf 85' lang='lat' dir='ltr'><strong>barbarum</strong></span> <span class='ocrx_word' id='word_1_65' title='bbox 1316 1364 1791 1443; x_wconf 89' lang='lat' dir='ltr'><strong>compunctum</strong></span> <span class='ocrx_word' id='word_1_66' title='bbox 1836 1352 2010 1418; x_wconf 88' lang='lat' dir='ltr'><strong>notis</strong></span> <span class='ocrx_word' id='word_1_67' title='bbox 2044 1335 2068 1374; x_wconf 80' lang='lat'>³</span> <span class='ocrx_word' id='word_1_68' title='bbox 2092 1350 2416 1435; x_wconf 80' lang='lat' dir='ltr'><strong>threiciis,</strong></span> 
     </span>
     <span class='ocr_line' id='line_1_10' title="bbox 291 1455 2417 1550; baseline 0.001 -30"><span class='ocrx_word' id='word_1_69' title='bbox 291 1456 530 1523; x_wconf 88' lang='lat' dir='ltr'><strong>stricto</strong></span> <span class='ocrx_word' id='word_1_70' title='bbox 571 1455 789 1550; x_wconf 86' lang='lat' dir='ltr'><strong>gladio</strong></span> <span class='ocrx_word' id='word_1_71' title='bbox 820 1456 1099 1549; x_wconf 88' lang='lat' dir='ltr'><strong>jubebat</strong></span> <span class='ocrx_word' id='word_1_72' title='bbox 1138 1457 1386 1524; x_wconf 88' lang='lat' dir='ltr'><strong>anteire</strong></span> <span class='ocrx_word' id='word_1_73' title='bbox 1410 1509 1428 1543; x_wconf 91' lang='lat'><strong>,</strong></span> <span class='ocrx_word' id='word_1_74' title='bbox 1466 1480 1590 1525; x_wconf 91' lang='lat' dir='ltr'><strong>nec</strong></span> <span class='ocrx_word' id='word_1_75' title='bbox 1633 1457 1816 1550; x_wconf 87' lang='lat' dir='ltr'><strong>prius</strong></span> <span class='ocrx_word' id='word_1_76' title='bbox 1857 1481 1926 1524; x_wconf 92' lang='lat' dir='ltr'><strong>se</strong></span> <span class='ocrx_word' id='word_1_77' title='bbox 1967 1456 2208 1524; x_wconf 83' lang='lat' dir='ltr'><strong>ibidem</strong></span> <span class='ocrx_word' id='word_1_78' title='bbox 2249 1455 2417 1524; x_wconf 88' lang='lat' dir='ltr'><strong>lecto</strong></span> 
     </span>
     <span class='ocr_line' id='line_1_11' title="bbox 292 1562 2418 1657; baseline 0.001 -30"><span class='ocrx_word' id='word_1_79' title='bbox 292 1562 784 1650; x_wconf 81' lang='lat' dir='ltr'><strong>committebat,</strong></span> <span class='ocrx_word' id='word_1_80' title='bbox 828 1587 1025 1655; x_wconf 89' lang='lat' dir='ltr'><strong>quam</strong></span> <span class='ocrx_word' id='word_1_81' title='bbox 1063 1587 1101 1630; x_wconf 85' lang='lat' dir='ltr'><strong>a</strong></span> <span class='ocrx_word' id='word_1_82' title='bbox 1134 1563 1558 1657; x_wconf 84' lang='lat' dir='ltr'><strong>stipatoribus</strong></span> <span class='ocrx_word' id='word_1_83' title='bbox 1588 1562 1936 1657; x_wconf 86' lang='lat' dir='ltr'><strong>diligenter</strong></span> <span class='ocrx_word' id='word_1_84' title='bbox 1966 1577 2137 1632; x_wconf 85' lang='lat' dir='ltr'><strong>esset</strong></span> <span class='ocrx_word' id='word_1_85' title='bbox 2168 1577 2418 1632; x_wconf 82' lang='lat' dir='ltr'><strong>scruta·</strong></span> 
     </span>
     <span class='ocr_line' id='line_1_12' title="bbox 295 1667 2420 1763; baseline 0.001 -29"><span class='ocrx_word' id='word_1_86' title='bbox 295 1680 441 1735; x_wconf 86' lang='lat' dir='ltr'><strong>tus:</strong></span> <span class='ocrx_word' id='word_1_87' title='bbox 479 1667 874 1763; x_wconf 89' lang='lat' dir='ltr'><strong>supplicium</strong></span> <span class='ocrx_word' id='word_1_88' title='bbox 904 1670 1075 1737; x_wconf 89' lang='lat' dir='ltr'><strong>irato</strong></span> <span class='ocrx_word' id='word_1_89' title='bbox 1106 1668 1382 1738; x_wconf 86' lang='lat' dir='ltr'><strong>deorum</strong></span> <span class='ocrx_word' id='word_1_90' title='bbox 1407 1670 1678 1738; x_wconf 90' lang='lat' dir='ltr'><strong>numine</strong></span> <span class='ocrx_word' id='word_1_91' title='bbox 1702 1672 2140 1762; x_wconf 87' lang='lat' dir='ltr'><strong>compositum</strong></span> <span class='ocrx_word' id='word_1_92' title='bbox 2161 1724 2179 1756; x_wconf 91' lang='lat'><strong>,</strong></span> <span class='ocrx_word' id='word_1_93' title='bbox 2209 1694 2420 1762; x_wconf 88' lang='lat' dir='ltr'><strong>neque</strong></span> 
     </span>
     <span class='ocr_line' id='line_1_13' title="bbox 294 1771 2416 1870; baseline 0.001 -31"><span class='ocrx_word' id='word_1_94' title='bbox 294 1771 587 1860; x_wconf 82' lang='lat' dir='ltr'><strong>libidini,</strong></span> <span class='ocrx_word' id='word_1_95' title='bbox 621 1800 837 1870; x_wconf 88' lang='lat' dir='ltr'><strong>neque</strong></span> <span class='ocrx_word' id='word_1_96' title='bbox 865 1777 1089 1844; x_wconf 91' lang='lat' dir='ltr'><strong>timori</strong></span> <span class='ocrx_word' id='word_1_97' title='bbox 1115 1800 1307 1869; x_wconf 89' lang='lat' dir='ltr'><strong>posse</strong></span> <span class='ocrx_word' id='word_1_98' title='bbox 1334 1778 1679 1870; x_wconf 87' lang='lat' dir='ltr'><strong>imperare.</strong></span> <span class='ocrx_word' id='word_1_99' title='bbox 1708 1776 1912 1868; x_wconf 87' lang='lat' dir='ltr'><strong>Cujus</strong></span> <span class='ocrx_word' id='word_1_100' title='bbox 1940 1777 2162 1845; x_wconf 91' lang='lat' dir='ltr'><strong>timori</strong></span> <span class='ocrx_word' id='word_1_101' title='bbox 2189 1775 2416 1844; x_wconf 88' lang='lat' dir='ltr'><strong>eadem</strong></span> 
     </span>
    </p>
   </div>
   <div class='ocr_carea' id='block_1_4' title="bbox 292 1880 2420 2057">
    <p class='ocr_par' dir='ltr' id='par_1_4' title="bbox 292 1880 2420 2057">
     <span class='ocr_line' id='line_1_14' title="bbox 292 1880 2420 1977; baseline 0.001 -31"><span class='ocrx_word' id='word_1_102' title='bbox 292 1894 364 1946; x_wconf 84' lang='lat' dir='ltr'><strong>et</strong></span> <span class='ocrx_word' id='word_1_103' title='bbox 406 1904 674 1966; x_wconf 86' lang='lat' dir='ltr'><strong>caussa,</strong></span> <span class='ocrx_word' id='word_1_104' title='bbox 703 1897 770 1949; x_wconf 90' lang='lat' dir='ltr'><strong>et</strong></span> <span class='ocrx_word' id='word_1_105' title='bbox 807 1881 956 1950; x_wconf 86' lang='lat' dir='ltr'><strong>finis</strong></span> <span class='ocrx_word' id='word_1_106' title='bbox 995 1881 1150 1967; x_wconf 83' lang='lat' dir='ltr'><strong>fuit3</strong></span> <span class='ocrx_word' id='word_1_107' title='bbox 1189 1882 1634 1952; x_wconf 83' lang='lat' dir='ltr'><strong>Alexandrum</strong></span> <span class='ocrx_word' id='word_1_108' title='bbox 1675 1884 1850 1951; x_wconf 89' lang='lat' dir='ltr'><strong>enim</strong></span> <span class='ocrx_word' id='word_1_109' title='bbox 1883 1883 2111 1951; x_wconf 87' lang='lat' dir='ltr'><strong>Thebe</strong></span> <span class='ocrx_word' id='word_1_110' title='bbox 2147 1880 2420 1977; x_wconf 89' lang='lat' dir='ltr'><strong>pellica-</strong></span> 
     </span>
     <span class='ocr_line' id='line_1_15' title="bbox 296 1973 1182 2057; baseline 0.002 -4"><span class='ocrx_word' id='word_1_111' title='bbox 296 1973 451 2054; x_wconf 70' lang='lat' dir='ltr'><strong>tus⁴</strong></span> <span class='ocrx_word' id='word_1_112' title='bbox 486 1988 584 2054; x_wconf 88' lang='lat' dir='ltr'><strong>ira</strong></span> <span class='ocrx_word' id='word_1_113' title='bbox 619 2002 799 2057; x_wconf 90' lang='lat' dir='ltr'><strong>mota</strong></span> <span class='ocrx_word' id='word_1_114' title='bbox 833 1990 1182 2057; x_wconf 88' lang='lat' dir='ltr'><strong>interemit.</strong></span> 
     </span>
    </p>
   </div>
   <div class='ocr_carea' id='block_1_5' title="bbox 296 2094 2427 2735">
    <p class='ocr_par' dir='ltr' id='par_1_5' title="bbox 296 2094 2427 2735">
     <span class='ocr_line' id='line_1_16' title="bbox 408 2094 2423 2203; baseline 0 -29"><span class='ocrx_word' id='word_1_115' title='bbox 408 2110 476 2192; x_wconf 76' lang='grc'><strong>4.</strong></span> <span class='ocrx_word' id='word_1_116' title='bbox 524 2110 705 2201; x_wconf 84' lang='lat' dir='ltr'><strong>Age,</strong></span> <span class='ocrx_word' id='word_1_117' title='bbox 745 2109 1103 2201; x_wconf 86' lang='lat' dir='ltr'><strong>Dionysius</strong></span> <span class='ocrx_word' id='word_1_118' title='bbox 1146 2110 1708 2203; x_wconf 85' lang='lat' dir='ltr'><strong>Syracusanorum</strong></span> <span class='ocrx_word' id='word_1_119' title='bbox 1747 2094 2107 2203; x_wconf 87' lang='lat' dir='ltr'><strong>tyrannus⁵</strong></span> <span class='ocrx_word' id='word_1_120' title='bbox 2151 2108 2423 2201; x_wconf 86' lang='lat' dir='ltr'><strong>hujusce</strong></span> 
     </span>
     <span class='ocr_line' id='line_1_17' title="bbox 298 2211 2422 2310; baseline 0.001 -30"><span class='ocrx_word' id='word_1_121' title='bbox 298 2216 613 2281; x_wconf 84' lang='lat' dir='ltr'><strong>tormenti</strong></span> <span class='ocrx_word' id='word_1_122' title='bbox 645 2239 843 2308; x_wconf 88' lang='lat' dir='ltr'><strong>quam</strong></span> <span class='ocrx_word' id='word_1_123' title='bbox 875 2214 1071 2308; x_wconf 86' lang='lat' dir='ltr'><strong>longa</strong></span> <span class='ocrx_word' id='word_1_124' title='bbox 1106 2211 1357 2284; x_wconf 82' lang='lat' dir='ltr'><strong>fabula!</strong></span> <span class='ocrx_word' id='word_1_125' title='bbox 1397 2216 1509 2309; x_wconf 92' lang='lat' dir='ltr'><strong>qui</strong></span> <span class='ocrx_word' id='word_1_126' title='bbox 1534 2214 2186 2310; x_wconf 86' lang='lat' dir='ltr'><strong>duodequadraginta</strong></span> <span class='ocrx_word' id='word_1_127' title='bbox 2218 2239 2422 2282; x_wconf 88' lang='lat' dir='ltr'><strong>anno-</strong></span> 
     </span>
     <span class='ocr_line' id='line_1_18' title="bbox 296 2320 2424 2416; baseline -0 -28"><span class='ocrx_word' id='word_1_128' title='bbox 296 2346 447 2388; x_wconf 89' lang='lat' dir='ltr'><strong>rum</strong></span> <span class='ocrx_word' id='word_1_129' title='bbox 506 2320 1018 2390; x_wconf 84' lang='lat' dir='ltr'><strong>dominationem</strong></span> <span class='ocrx_word' id='word_1_130' title='bbox 1079 2323 1146 2389; x_wconf 93' lang='lat' dir='ltr'><strong>in</strong></span> <span class='ocrx_word' id='word_1_131' title='bbox 1199 2322 1379 2390; x_wconf 87' lang='lat' dir='ltr'><strong>hunc</strong></span> <span class='ocrx_word' id='word_1_132' title='bbox 1433 2320 1706 2392; x_wconf 91' lang='lat' dir='ltr'><strong>modum</strong></span> <span class='ocrx_word' id='word_1_133' title='bbox 1745 2321 2043 2416; x_wconf 79' lang='lat' dir='ltr'><strong>peregit:</strong></span> <span class='ocrx_word' id='word_1_134' title='bbox 2103 2321 2424 2388; x_wconf 85' lang='lat' dir='ltr'><strong>submotis</strong></span> 
     </span>
     <span class='ocr_line' id='line_1_19' title="bbox 297 2416 2424 2522; baseline 0 -29"><span class='ocrx_word' id='word_1_135' title='bbox 297 2428 560 2513; x_wconf 76' lang='lat' dir='ltr'><strong>ainiciS,</strong></span> <span class='ocrx_word' id='word_1_136' title='bbox 589 2430 656 2495; x_wconf 93' lang='lat' dir='ltr'><strong>in</strong></span> <span class='ocrx_word' id='word_1_137' title='bbox 678 2416 910 2497; x_wconf 72' lang='lat' dir='ltr'><strong>eo‘rum</strong></span> <span class='ocrx_word' id='word_1_138' title='bbox 942 2427 1160 2497; x_wconf 90' lang='lat' dir='ltr'><strong>locum</strong></span> <span class='ocrx_word' id='word_1_139' title='bbox 1188 2426 1743 2498; x_wconf 76' lang='lat' dir='ltr'><strong>ferocissimarum</strong></span> <span class='ocrx_word' id='word_1_140' title='bbox 1771 2430 2066 2522; x_wconf 84' lang='lat' dir='ltr'><strong>gentium</strong></span> <span class='ocrx_word' id='word_1_141' title='bbox 2092 2427 2390 2494; x_wconf 84' lang='lat' dir='ltr'><strong>homines</strong></span> <span class='ocrx_word' id='word_1_142' title='bbox 2407 2480 2424 2511; x_wconf 98' lang='lat'><strong>,</strong></span> 
     </span>
     <span class='ocr_line' id='line_1_20' title="bbox 298 2519 2427 2632; baseline -0 -31"><span class='ocrx_word' id='word_1_143' title='bbox 298 2549 368 2604; x_wconf 90' lang='lat' dir='ltr'><strong>et</strong></span> <span class='ocrx_word' id='word_1_144' title='bbox 395 2558 433 2601; x_wconf 91' lang='lat' dir='ltr'><strong>a</strong></span> <span class='ocrx_word' id='word_1_145' title='bbox 464 2532 723 2605; x_wconf 86' lang='lat' dir='ltr'><strong>familiis</strong></span> <span class='ocrx_word' id='word_1_146' title='bbox 750 2519 1193 2630; x_wconf 80' lang='lat' dir='ltr'><strong>locupletum⁶</strong></span> <span class='ocrx_word' id='word_1_147' title='bbox 1223 2534 1467 2606; x_wconf 82' lang='lat' dir='ltr'><strong>electos</strong></span> <span class='ocrx_word' id='word_1_148' title='bbox 1495 2534 1884 2632; x_wconf 68' lang='lat' dir='ltr'><strong>praevalidos</strong></span> <span class='ocrx_word' id='word_1_149' title='bbox 1906 2560 2165 2621; x_wconf 87' lang='lat' dir='ltr'><strong>servos,</strong></span> <span class='ocrx_word' id='word_1_150' title='bbox 2187 2534 2427 2627; x_wconf 87' lang='lat' dir='ltr'><strong>quibus</strong></span> 
     </span>
     <span class='ocr_line' id='line_1_21' title="bbox 299 2641 2426 2735; baseline -0.001 -26"><span class='ocrx_word' id='word_1_151' title='bbox 299 2641 508 2710; x_wconf 87' lang='lat' dir='ltr'><strong>latera</strong></span> <span class='ocrx_word' id='word_1_152' title='bbox 558 2667 675 2712; x_wconf 86' lang='lat' dir='ltr'><strong>sua</strong></span> <span class='ocrx_word' id='word_1_153' title='bbox 720 2644 1203 2729; x_wconf 87' lang='lat' dir='ltr'><strong>committeret,</strong></span> <span class='ocrx_word' id='word_1_154' title='bbox 1253 2643 1639 2729; x_wconf 72' lang='lat' dir='ltr'><strong>substituit,</strong></span> <span class='ocrx_word' id='word_1_155' title='bbox 1687 2658 2162 2735; x_wconf 84' lang='lat' dir='ltr'><strong>tonsorumque</strong></span> <span class='ocrx_word' id='word_1_156' title='bbox 2207 2654 2426 2725; x_wconf 89' lang='lat' dir='ltr'><strong>metu,</strong></span> 
     </span>
    </p>
   </div>
   <div class='ocr_carea' id='block_1_6' title="bbox 266 2852 1334 4198">
    <p class='ocr_par' dir='ltr' id='par_1_6' title="bbox 296 2852 1326 3077">
     <span class='ocr_line' id='line_1_22' title="bbox 296 2852 1326 2926; baseline 0 -20"><span class='ocrx_word' id='word_1_157' title='bbox 296 2856 423 2925; x_wconf 79' lang='lat' dir='ltr'><strong>igne</strong></span> <span class='ocrx_word' id='word_1_158' title='bbox 433 2856 740 2926; x_wconf 69' lang='lat' dir='ltr'><strong>absumptus</strong></span> <span class='ocrx_word' id='word_1_159' title='bbox 749 2852 1130 2920; x_wconf 78' lang='lat' dir='ltr'><strong>est.Quomodo</strong></span> <span class='ocrx_word' id='word_1_160' title='bbox 1140 2854 1326 2925; x_wconf 81' lang='lat' dir='ltr'><strong>Hispa-</strong></span> 
     </span>
     <span class='ocr_line' id='line_1_23' title="bbox 298 2932 1326 3006; baseline 0 -19"><span class='ocrx_word' id='word_1_161' title='bbox 298 2936 357 2987; x_wconf 82' lang='lat' dir='ltr'><strong>ni</strong></span> <span class='ocrx_word' id='word_1_162' title='bbox 390 2935 449 2987; x_wconf 88' lang='lat' dir='ltr'><strong>in</strong></span> <span class='ocrx_word' id='word_1_163' title='bbox 483 2934 724 2987; x_wconf 82' lang='lat' dir='ltr'><strong>America</strong></span> <span class='ocrx_word' id='word_1_164' title='bbox 769 2932 1075 3006; x_wconf 64' lang='lat' dir='ltr'><strong>occupanda</strong></span> <span class='ocrx_word' id='word_1_165' title='bbox 1107 2935 1326 2988; x_wconf 79' lang='lat' dir='ltr'><strong>canibus</strong></span> 
     </span>
     <span class='ocr_line' id='line_1_24' title="bbox 298 3015 844 3077; baseline 0 -11"><span class='ocrx_word' id='word_1_166' title='bbox 298 3015 409 3067; x_wconf 75' lang='lat' dir='ltr'><strong>sint</strong></span> <span class='ocrx_word' id='word_1_167' title='bbox 429 3015 607 3077; x_wconf 82' lang='lat' dir='ltr'><strong>abusi,</strong></span> <span class='ocrx_word' id='word_1_168' title='bbox 625 3029 844 3068; x_wconf 87' lang='lat' dir='ltr'><strong>constat.</strong></span> 
     </span>
    </p>

    <p class='ocr_par' dir='ltr' id='par_1_7' title="bbox 297 3093 1327 3483">
     <span class='ocr_line' id='line_1_25' title="bbox 389 3093 1323 3165; baseline -0.001 -17"><span class='ocrx_word' id='word_1_169' title='bbox 389 3114 440 3148; x_wconf 89' lang='lat'><strong>1.</strong></span> <span class='ocrx_word' id='word_1_170' title='bbox 466 3094 762 3147; x_wconf 73' lang='lat' dir='ltr'><strong>Libemmm.</strong></span> <span class='ocrx_word' id='word_1_171' title='bbox 789 3095 1034 3159; x_wconf 84' lang='lat' dir='ltr'><strong>Quorum</strong></span> <span class='ocrx_word' id='word_1_172' title='bbox 1062 3093 1323 3165; x_wconf 87' lang='lat' dir='ltr'><strong>quinqua-</strong></span> 
     </span>
     <span class='ocr_line' id='line_1_26' title="bbox 297 3175 1326 3245; baseline -0.001 -18"><span class='ocrx_word' id='word_1_173' title='bbox 297 3175 447 3245; x_wconf 79' lang='lat' dir='ltr'><strong>ginta</strong></span> <span class='ocrx_word' id='word_1_174' title='bbox 456 3175 506 3226; x_wconf 87' lang='lat' dir='ltr'><strong>ei</strong></span> <span class='ocrx_word' id='word_1_175' title='bbox 514 3175 774 3227; x_wconf 84' lang='lat' dir='ltr'><strong>tribuunt.</strong></span> <span class='ocrx_word' id='word_1_176' title='bbox 788 3205 842 3216; x_wconf 92' lang='lat'><strong>—-·</strong></span> <span class='ocrx_word' id='word_1_177' title='bbox 856 3175 1109 3229; x_wconf 71' lang='lat' dir='ltr'><strong>Numerus.</strong></span> <span class='ocrx_word' id='word_1_178' title='bbox 1124 3175 1207 3226; x_wconf 84' lang='lat' dir='ltr'><strong>Ita</strong></span> <span class='ocrx_word' id='word_1_179' title='bbox 1220 3176 1326 3245; x_wconf 85' lang='lat' dir='ltr'><strong>ple·</strong></span> 
     </span>
     <span class='ocr_line' id='line_1_27' title="bbox 298 3252 1327 3324; baseline -0.001 -18"><span class='ocrx_word' id='word_1_180' title='bbox 298 3255 458 3324; x_wconf 84' lang='lat' dir='ltr'><strong>rique</strong></span> <span class='ocrx_word' id='word_1_181' title='bbox 473 3253 628 3306; x_wconf 82' lang='lat' dir='ltr'><strong>MSS.</strong></span> <span class='ocrx_word' id='word_1_182' title='bbox 652 3254 773 3306; x_wconf 81' lang='lat' dir='ltr'><strong>Viri</strong></span> <span class='ocrx_word' id='word_1_183' title='bbox 787 3268 961 3306; x_wconf 82' lang='lat' dir='ltr'><strong>tamen</strong></span> <span class='ocrx_word' id='word_1_184' title='bbox 978 3252 1124 3306; x_wconf 81' lang='lat' dir='ltr'><strong>docti</strong></span> <span class='ocrx_word' id='word_1_185' title='bbox 1141 3255 1327 3305; x_wconf 82' lang='lat' dir='ltr'><strong>malint</strong></span> 
     </span>
     <span class='ocr_line' id='line_1_28' title="bbox 300 3331 1325 3404; baseline -0.001 -19"><span class='ocrx_word' id='word_1_186' title='bbox 300 3353 481 3385; x_wconf 79' lang='lat' dir='ltr'><strong>casum</strong></span> <span class='ocrx_word' id='word_1_187' title='bbox 499 3347 745 3404; x_wconf 83' lang='lat' dir='ltr'><strong>quartum</strong></span> <span class='ocrx_word' id='word_1_188' title='bbox 765 3374 779 3397; x_wconf 89' lang='lat'><strong>‚</strong></span> <span class='ocrx_word' id='word_1_189' title='bbox 801 3352 957 3403; x_wconf 84' lang='lat' dir='ltr'><strong>quem</strong></span> <span class='ocrx_word' id='word_1_190' title='bbox 972 3333 1092 3386; x_wconf 90' lang='lat' dir='ltr'><strong>libri</strong></span> <span class='ocrx_word' id='word_1_191' title='bbox 1108 3331 1325 3403; x_wconf 85' lang='lat' dir='ltr'><strong>quidam</strong></span> 
     </span>
     <span class='ocr_line' id='line_1_29' title="bbox 302 3415 1126 3483; baseline -0.002 -17"><span class='ocrx_word' id='word_1_192' title='bbox 302 3415 594 3483; x_wconf 64' lang='lat' dir='ltr'><strong>preferunt</strong></span> <span class='ocrx_word' id='word_1_193' title='bbox 612 3453 627 3479; x_wconf 91' lang='lat'><strong>,</strong></span> <span class='ocrx_word' id='word_1_194' title='bbox 657 3425 840 3464; x_wconf 80' lang='lat' dir='ltr'><strong>tantum</strong></span> <span class='ocrx_word' id='word_1_195' title='bbox 870 3432 1126 3464; x_wconf 78' lang='lat' dir='ltr'><strong>numerum.</strong></span> 
     </span>
    </p>

    <p class='ocr_par' dir='ltr' id='par_1_8' title="bbox 266 3492 1330 3961">
     <span class='ocr_line' id='line_1_30' title="bbox 390 3492 1327 3561; baseline -0.003 -16"><span class='ocrx_word' id='word_1_196' title='bbox 390 3513 441 3545; x_wconf 77' lang='lat'><strong>².</strong></span> <span class='ocrx_word' id='word_1_197' title='bbox 476 3493 772 3546; x_wconf 62' lang='lat' dir='ltr'><strong>Alexander.</strong></span> <span class='ocrx_word' id='word_1_198' title='bbox 806 3492 916 3545; x_wconf 88' lang='lat' dir='ltr'><strong>Cic.</strong></span> <span class='ocrx_word' id='word_1_199' title='bbox 945 3492 1102 3544; x_wconf 84' lang='lat' dir='ltr'><strong>Offic.</strong></span> <span class='ocrx_word' id='word_1_200' title='bbox 1122 3493 1236 3552; x_wconf 91' lang='lat'><strong>111,</strong></span> <span class='ocrx_word' id='word_1_201' title='bbox 1263 3511 1327 3561; x_wconf 77' lang='lat'><strong>73</strong></span> 
     </span>
     <span class='ocr_line' id='line_1_31' title="bbox 302 3569 1324 3642; baseline -0.003 -17"><span class='ocrx_word' id='word_1_202' title='bbox 302 3572 372 3625; x_wconf 84' lang='lat' dir='ltr'><strong>de</strong></span> <span class='ocrx_word' id='word_1_203' title='bbox 395 3575 514 3625; x_wconf 80' lang='lat' dir='ltr'><strong>Inv.</strong></span> <span class='ocrx_word' id='word_1_204' title='bbox 547 3574 631 3635; x_wconf 90' lang='lat'><strong>11,</strong></span> <span class='ocrx_word' id='word_1_205' title='bbox 663 3579 771 3639; x_wconf 70' lang='lat'><strong>493</strong></span> <span class='ocrx_word' id='word_1_206' title='bbox 804 3573 943 3642; x_wconf 85' lang='lat' dir='ltr'><strong>Epp.</strong></span> <span class='ocrx_word' id='word_1_207' title='bbox 969 3569 1038 3623; x_wconf 90' lang='lat' dir='ltr'><strong>ad</strong></span> <span class='ocrx_word' id='word_1_208' title='bbox 1062 3572 1184 3623; x_wconf 85' lang='lat' dir='ltr'><strong>fam.</strong></span> <span class='ocrx_word' id='word_1_209' title='bbox 1214 3572 1324 3635; x_wconf 85' lang='lat' dir='ltr'><strong>lx,</strong></span> 
     </span>
     <span class='ocr_line' id='line_1_32' title="bbox 308 3649 1329 3716; baseline -0.002 -12"><span class='ocrx_word' id='word_1_210' title='bbox 308 3672 336 3704; x_wconf 76' lang='lat'>2</span> <span class='ocrx_word' id='word_1_211' title='bbox 349 3672 380 3704; x_wconf 76' lang='lat'>2</span> <span class='ocrx_word' id='word_1_212' title='bbox 401 3672 418 3716; x_wconf 89' lang='lat'>;</span> <span class='ocrx_word' id='word_1_213' title='bbox 448 3649 672 3705; x_wconf 89' lang='lat' dir='ltr'><strong>Diodor.</strong></span> <span class='ocrx_word' id='word_1_214' title='bbox 688 3652 791 3705; x_wconf 85' lang='lat' dir='ltr'><strong>sic.</strong></span> <span class='ocrx_word' id='word_1_215' title='bbox 814 3652 960 3703; x_wconf 85' lang='lat' dir='ltr'><strong>XVI.</strong></span> <span class='ocrx_word' id='word_1_216' title='bbox 976 3650 1078 3702; x_wconf 85' lang='lat' dir='ltr'><strong>Hic</strong></span> <span class='ocrx_word' id='word_1_217' title='bbox 1094 3651 1193 3702; x_wconf 87' lang='lat' dir='ltr'><strong>fuit</strong></span> <span class='ocrx_word' id='word_1_218' title='bbox 1206 3651 1329 3702; x_wconf 74' lang='lat' dir='ltr'><strong>Ale-</strong></span> 
     </span>
     <span class='ocr_line' id='line_1_33' title="bbox 301 3730 1330 3801; baseline -0.001 -17"><span class='ocrx_word' id='word_1_219' title='bbox 301 3730 508 3784; x_wconf 80' lang='lat' dir='ltr'><strong>xander</strong></span> <span class='ocrx_word' id='word_1_220' title='bbox 521 3732 787 3784; x_wconf 77' lang='lat' dir='ltr'><strong>Pheraeus.</strong></span> <span class='ocrx_word' id='word_1_221' title='bbox 808 3731 1007 3801; x_wconf 85' lang='lat' dir='ltr'><strong>Nepos,</strong></span> <span class='ocrx_word' id='word_1_222' title='bbox 1029 3731 1177 3793; x_wconf 89' lang='lat' dir='ltr'><strong>XVI,</strong></span> <span class='ocrx_word' id='word_1_223' title='bbox 1204 3730 1252 3790; x_wconf 83' lang='lat'><strong>5,</strong></span> <span class='ocrx_word' id='word_1_224' title='bbox 1280 3749 1330 3793; x_wconf 87' lang='lat'><strong>1,</strong></span> 
     </span>
     <span class='ocr_line' id='line_1_34' title="bbox 266 3809 1329 3882; baseline -0.006 -16"><span class='ocrx_word' id='word_1_225' title='bbox 266 3875 269 3878; x_wconf 27' lang='lat'>¹</span> <span class='ocrx_word' id='word_1_226' title='bbox 303 3832 356 3882; x_wconf 84' lang='lat' dir='ltr'><strong>p.</strong></span> <span class='ocrx_word' id='word_1_227' title='bbox 390 3817 523 3879; x_wconf 79' lang='lat'><strong>169,</strong></span> <span class='ocrx_word' id='word_1_228' title='bbox 552 3811 831 3863; x_wconf 81' lang='lat' dir='ltr'><strong>vol.XV11</strong></span> <span class='ocrx_word' id='word_1_229' title='bbox 854 3823 1045 3863; x_wconf 76' lang='lat' dir='ltr'><strong>nostrae</strong></span> <span class='ocrx_word' id='word_1_230' title='bbox 1062 3809 1329 3862; x_wconf 84' lang='lat' dir='ltr'><strong>collectio-</strong></span> 
     </span>
     <span class='ocr_line' id='line_1_35' title="bbox 304 3891 1208 3961; baseline -0.004 -17"><span class='ocrx_word' id='word_1_231' title='bbox 304 3892 418 3957; x_wconf 75' lang='lat' dir='ltr'><strong>ni⁸;</strong></span> <span class='ocrx_word' id='word_1_232' title='bbox 450 3892 645 3945; x_wconf 78' lang='lat' dir='ltr'><strong>AElian.</strong></span> <span class='ocrx_word' id='word_1_233' title='bbox 678 3891 772 3943; x_wconf 90' lang='lat' dir='ltr'><strong>lib.</strong></span> <span class='ocrx_word' id='word_1_234' title='bbox 791 3891 944 3954; x_wconf 82' lang='lat' dir='ltr'><strong>XIV,</strong></span> <span class='ocrx_word' id='word_1_235' title='bbox 978 3909 1095 3961; x_wconf 81' lang='lat' dir='ltr'><strong>cap.</strong></span> <span class='ocrx_word' id='word_1_236' title='bbox 1118 3895 1208 3951; x_wconf 69' lang='lat'><strong>40.</strong></span> 
     </span>
    </p>

    <p class='ocr_par' dir='ltr' id='par_1_9' title="bbox 305 3969 1334 4198">
     <span class='ocr_line' id='line_1_36' title="bbox 389 3969 1334 4024; baseline -0.003 0"><span class='ocrx_word' id='word_1_237' title='bbox 389 3971 445 4024; x_wconf 83' lang='lat'><strong>3.</strong></span> <span class='ocrx_word' id='word_1_238' title='bbox 482 3971 729 4023; x_wconf 57' lang='lat' dir='ltr'><strong>Thracas.</strong></span> <span class='ocrx_word' id='word_1_239' title='bbox 749 3971 978 4024; x_wconf 80' lang='lat' dir='ltr'><strong>Thraces</strong></span> <span class='ocrx_word' id='word_1_240' title='bbox 998 3969 1141 4022; x_wconf 87' lang='lat' dir='ltr'><strong>enim</strong></span> <span class='ocrx_word' id='word_1_241' title='bbox 1171 3969 1334 4021; x_wconf 75' lang='lat' dir='ltr'><strong>servis</strong></span> 
     </span>
     <span class='ocr_line' id='line_1_37' title="bbox 306 4048 1332 4120; baseline -0.003 -17"><span class='ocrx_word' id='word_1_242' title='bbox 306 4052 415 4103; x_wconf 69' lang='lat' dir='ltr'><strong>suis</strong></span> <span class='ocrx_word' id='word_1_243' title='bbox 448 4050 685 4120; x_wconf 79' lang='lat' dir='ltr'><strong>fugitivis</strong></span> <span class='ocrx_word' id='word_1_244' title='bbox 723 4063 875 4103; x_wconf 73' lang='lat' dir='ltr'><strong>notas</strong></span> <span class='ocrx_word' id='word_1_245' title='bbox 911 4048 1159 4102; x_wconf 81' lang='lat' dir='ltr'><strong>candenti</strong></span> <span class='ocrx_word' id='word_1_246' title='bbox 1190 4050 1332 4101; x_wconf 78' lang='lat' dir='ltr'><strong>ferro</strong></span> 
     </span>
     <span class='ocr_line' id='line_1_38' title="bbox 305 4128 1332 4198; baseline -0.005 -14"><span class='ocrx_word' id='word_1_247' title='bbox 305 4132 632 4184; x_wconf 77' lang='lat' dir='ltr'><strong>inusserunt.</strong></span> <span class='ocrx_word' id='word_1_248' title='bbox 660 4128 764 4184; x_wconf 81' lang='lat' dir='ltr'><strong>Sed</strong></span> <span class='ocrx_word' id='word_1_249' title='bbox 781 4143 834 4183; x_wconf 88' lang='lat' dir='ltr'><strong>et</strong></span> <span class='ocrx_word' id='word_1_250' title='bbox 850 4130 938 4184; x_wconf 76' lang='lat' dir='ltr'><strong>alii</strong></span> <span class='ocrx_word' id='word_1_251' title='bbox 964 4131 1196 4182; x_wconf 84' lang='lat' dir='ltr'><strong>Thraces</strong></span> <span class='ocrx_word' id='word_1_252' title='bbox 1214 4129 1332 4198; x_wconf 86' lang='lat' dir='ltr'><strong>qni-</strong></span> 
     </span>
    </p>
   </div>
   <div class='ocr_carea' id='block_1_7' title="bbox 1407 2853 2441 4022">
    <p class='ocr_par' dir='ltr' id='par_1_10' title="bbox 1407 2853 2431 3305">
     <span class='ocr_line' id='line_1_39' title="bbox 1409 2853 2431 2925; baseline -0.004 -18"><span class='ocrx_word' id='word_1_253' title='bbox 1409 2853 1634 2907; x_wconf 79' lang='lat' dir='ltr'><strong>busdam</strong></span> <span class='ocrx_word' id='word_1_254' title='bbox 1653 2854 1983 2925; x_wconf 81' lang='lat' dir='ltr'><strong>stigmatibus</strong></span> <span class='ocrx_word' id='word_1_255' title='bbox 1998 2894 2013 2918; x_wconf 89' lang='lat'><strong>,</strong></span> <span class='ocrx_word' id='word_1_256' title='bbox 2034 2867 2298 2923; x_wconf 84' lang='lat' dir='ltr'><strong>tamquam</strong></span> <span class='ocrx_word' id='word_1_257' title='bbox 2321 2853 2431 2904; x_wconf 84' lang='lat' dir='ltr'><strong>for-</strong></span> 
     </span>
     <span class='ocr_line' id='line_1_40' title="bbox 1409 2933 2429 3006; baseline -0.002 -20"><span class='ocrx_word' id='word_1_258' title='bbox 1409 2933 1653 2988; x_wconf 83' lang='lat' dir='ltr'><strong>titudinis</strong></span> <span class='ocrx_word' id='word_1_259' title='bbox 1668 2935 1961 3006; x_wconf 78' lang='lat' dir='ltr'><strong>insignibus</strong></span> <span class='ocrx_word' id='word_1_260' title='bbox 1977 2973 1992 2997; x_wconf 91' lang='lat'>‚</span> <span class='ocrx_word' id='word_1_261' title='bbox 2011 2951 2065 2985; x_wconf 83' lang='lat' dir='ltr'><strong>se</strong></span> <span class='ocrx_word' id='word_1_262' title='bbox 2089 2951 2324 3003; x_wconf 84' lang='lat' dir='ltr'><strong>pungere</strong></span> <span class='ocrx_word' id='word_1_263' title='bbox 2344 2951 2429 2984; x_wconf 83' lang='lat' dir='ltr'><strong>so·</strong></span> 
     </span>
     <span class='ocr_line' id='line_1_41' title="bbox 1407 3011 2429 3084; baseline -0.004 -18"><span class='ocrx_word' id='word_1_264' title='bbox 1407 3015 1603 3067; x_wconf 88' lang='lat' dir='ltr'><strong>lebant.</strong></span> <span class='ocrx_word' id='word_1_265' title='bbox 1619 3011 1892 3084; x_wconf 88' lang='lat' dir='ltr'><strong>Ejusmodi</strong></span> <span class='ocrx_word' id='word_1_266' title='bbox 1908 3013 2069 3083; x_wconf 83' lang='lat' dir='ltr'><strong>signis</strong></span> <span class='ocrx_word' id='word_1_267' title='bbox 2087 3013 2295 3064; x_wconf 85' lang='lat' dir='ltr'><strong>afficere</strong></span> <span class='ocrx_word' id='word_1_268' title='bbox 2312 3031 2429 3063; x_wconf 92' lang='lat' dir='ltr'><strong>cor-</strong></span> 
     </span>
     <span class='ocr_line' id='line_1_42' title="bbox 1408 3091 2430 3165; baseline -0.003 -19"><span class='ocrx_word' id='word_1_269' title='bbox 1408 3113 1569 3165; x_wconf 79' lang='lat' dir='ltr'><strong>pora,</strong></span> <span class='ocrx_word' id='word_1_270' title='bbox 1598 3094 1848 3147; x_wconf 81' lang='lat' dir='ltr'><strong>Israelitis</strong></span> <span class='ocrx_word' id='word_1_271' title='bbox 1873 3093 1975 3144; x_wconf 87' lang='lat' dir='ltr'><strong>fuit</strong></span> <span class='ocrx_word' id='word_1_272' title='bbox 1998 3093 2237 3146; x_wconf 82' lang='lat' dir='ltr'><strong>vetitum.</strong></span> <span class='ocrx_word' id='word_1_273' title='bbox 2269 3091 2430 3156; x_wconf 88' lang='lat' dir='ltr'><strong>Quod</strong></span> 
     </span>
     <span class='ocr_line' id='line_1_43' title="bbox 1411 3170 2431 3243; baseline -0.002 -17"><span class='ocrx_word' id='word_1_274' title='bbox 1411 3174 1711 3226; x_wconf 86' lang='lat' dir='ltr'><strong>ornamenti</strong></span> <span class='ocrx_word' id='word_1_275' title='bbox 1762 3191 1915 3225; x_wconf 73' lang='lat' dir='ltr'><strong>causa</strong></span> <span class='ocrx_word' id='word_1_276' title='bbox 1963 3170 2104 3242; x_wconf 84' lang='lat' dir='ltr'><strong>apud</strong></span> <span class='ocrx_word' id='word_1_277' title='bbox 2135 3173 2431 3243; x_wconf 84' lang='lat' dir='ltr'><strong>complures</strong></span> 
     </span>
     <span class='ocr_line' id='line_1_44' title="bbox 1410 3252 2319 3305; baseline -0.002 0"><span class='ocrx_word' id='word_1_278' title='bbox 1410 3254 1663 3305; x_wconf 80' lang='lat' dir='ltr'><strong>barbaros</strong></span> <span class='ocrx_word' id='word_1_279' title='bbox 1684 3264 1736 3304; x_wconf 84' lang='lat' dir='ltr'><strong>et</strong></span> <span class='ocrx_word' id='word_1_280' title='bbox 1767 3270 1910 3304; x_wconf 86' lang='lat' dir='ltr'><strong>nunc</strong></span> <span class='ocrx_word' id='word_1_281' title='bbox 1938 3252 2116 3304; x_wconf 86' lang='lat' dir='ltr'><strong>locum</strong></span> <span class='ocrx_word' id='word_1_282' title='bbox 2144 3252 2319 3303; x_wconf 85' lang='lat' dir='ltr'><strong>habet.</strong></span> 
     </span>
    </p>

    <p class='ocr_par' dir='ltr' id='par_1_11' title="bbox 1496 3329 2175 3394">
     <span class='ocr_line' id='line_1_45' title="bbox 1496 3329 2175 3394; baseline -0.001 -11"><span class='ocrx_word' id='word_1_283' title='bbox 1496 3338 1547 3394; x_wconf 71' lang='grc'><strong>4.</strong></span> <span class='ocrx_word' id='word_1_284' title='bbox 1579 3332 1858 3384; x_wconf 79' lang='lat' dir='ltr'><strong>Pellicatus.</strong></span> <span class='ocrx_word' id='word_1_285' title='bbox 1893 3329 2175 3383; x_wconf 81' lang='lat' dir='ltr'><strong>Adulterii.</strong></span> 
     </span>
    </p>

    <p class='ocr_par' dir='ltr' id='par_1_12' title="bbox 1415 3409 2435 3713">
     <span class='ocr_line' id='line_1_46' title="bbox 1498 3409 2434 3483; baseline 0 -20"><span class='ocrx_word' id='word_1_286' title='bbox 1498 3411 1548 3463; x_wconf 84' lang='lat'><strong>5.</strong></span> <span class='ocrx_word' id='word_1_287' title='bbox 1598 3412 1870 3483; x_wconf 73' lang='lat' dir='ltr'><strong>Tyrannus.</strong></span> <span class='ocrx_word' id='word_1_288' title='bbox 1903 3409 2043 3462; x_wconf 89' lang='lat' dir='ltr'><strong>Vide</strong></span> <span class='ocrx_word' id='word_1_289' title='bbox 2086 3410 2434 3472; x_wconf 82' lang='lat' dir='ltr'><strong>Ciceronem,</strong></span> 
     </span>
     <span class='ocr_line' id='line_1_47' title="bbox 1415 3490 2432 3558; baseline -0.002 -15"><span class='ocrx_word' id='word_1_290' title='bbox 1415 3491 1703 3543; x_wconf 82' lang='lat' dir='ltr'><strong>Tusculan.</strong></span> <span class='ocrx_word' id='word_1_291' title='bbox 1737 3491 1934 3555; x_wconf 79' lang='lat' dir='ltr'><strong>Quoest.</strong></span> <span class='ocrx_word' id='word_1_292' title='bbox 1967 3490 2058 3543; x_wconf 89' lang='lat' dir='ltr'><strong>lib.</strong></span> <span class='ocrx_word' id='word_1_293' title='bbox 2078 3491 2148 3553; x_wconf 90' lang='lat' dir='ltr'><strong>V,</strong></span> <span class='ocrx_word' id='word_1_294' title='bbox 2178 3508 2290 3558; x_wconf 85' lang='lat' dir='ltr'><strong>cap.</strong></span> <span class='ocrx_word' id='word_1_295' title='bbox 2328 3509 2432 3554; x_wconf 77' lang='lat'><strong>203</strong></span> 
     </span>
     <span class='ocr_line' id='line_1_48' title="bbox 1416 3568 2435 3639; baseline 0 -17"><span class='ocrx_word' id='word_1_296' title='bbox 1416 3570 1573 3623; x_wconf 86' lang='lat' dir='ltr'><strong>offic.</strong></span> <span class='ocrx_word' id='word_1_297' title='bbox 1606 3570 1688 3635; x_wconf 86' lang='lat'><strong>11,</strong></span> <span class='ocrx_word' id='word_1_298' title='bbox 1717 3588 1818 3639; x_wconf 68' lang='lat'><strong>173</strong></span> <span class='ocrx_word' id='word_1_299' title='bbox 1851 3568 2073 3622; x_wconf 87' lang='lat' dir='ltr'><strong>Diodor.</strong></span> <span class='ocrx_word' id='word_1_300' title='bbox 2110 3570 2271 3622; x_wconf 87' lang='lat' dir='ltr'><strong>Sicnl.</strong></span> <span class='ocrx_word' id='word_1_301' title='bbox 2307 3571 2435 3634; x_wconf 81' lang='lat' dir='ltr'><strong>XX;</strong></span> 
     </span>
     <span class='ocr_line' id='line_1_49' title="bbox 1417 3649 2328 3713; baseline 0 -12"><span class='ocrx_word' id='word_1_302' title='bbox 1417 3651 1556 3703; x_wconf 84' lang='lat' dir='ltr'><strong>Plut.</strong></span> <span class='ocrx_word' id='word_1_303' title='bbox 1582 3651 1638 3702; x_wconf 91' lang='lat' dir='ltr'><strong>in</strong></span> <span class='ocrx_word' id='word_1_304' title='bbox 1663 3651 1866 3713; x_wconf 89' lang='lat' dir='ltr'><strong>Dione;</strong></span> <span class='ocrx_word' id='word_1_305' title='bbox 1894 3650 2085 3702; x_wconf 84' lang='lat' dir='ltr'><strong>AElian.</strong></span> <span class='ocrx_word' id='word_1_306' title='bbox 2114 3649 2216 3713; x_wconf 86' lang='lat' dir='ltr'><strong>lv,</strong></span> <span class='ocrx_word' id='word_1_307' title='bbox 2242 3651 2328 3702; x_wconf 90' lang='lat'><strong>18.</strong></span> 
     </span>
    </p>

    <p class='ocr_par' dir='ltr' id='par_1_13' title="bbox 1417 3728 2441 4022">
     <span class='ocr_line' id='line_1_50' title="bbox 1499 3728 2438 3801; baseline -0.002 -18"><span class='ocrx_word' id='word_1_308' title='bbox 1499 3735 1550 3783; x_wconf 89' lang='lat'><strong>6.</strong></span> <span class='ocrx_word' id='word_1_309' title='bbox 1583 3730 1637 3783; x_wconf 84' lang='lat' dir='ltr'><em>A</em></span> <span class='ocrx_word' id='word_1_310' title='bbox 1652 3730 1861 3797; x_wconf 78' lang='lat' dir='ltr'><strong>familiis</strong></span> <span class='ocrx_word' id='word_1_311' title='bbox 1881 3730 2178 3801; x_wconf 80' lang='lat' dir='ltr'><strong>locupletum.</strong></span> <span class='ocrx_word' id='word_1_312' title='bbox 2207 3728 2325 3780; x_wconf 86' lang='lat' dir='ltr'><strong>Mos</strong></span> <span class='ocrx_word' id='word_1_313' title='bbox 2348 3728 2438 3781; x_wconf 87' lang='lat' dir='ltr'><strong>ille</strong></span> 
     </span>
     <span class='ocr_line' id='line_1_51' title="bbox 1417 3808 2441 3880; baseline 0 -19"><span class='ocrx_word' id='word_1_314' title='bbox 1417 3823 1766 3880; x_wconf 85' lang='lat' dir='ltr'><strong>tyrannorum</strong></span> <span class='ocrx_word' id='word_1_315' title='bbox 1802 3828 1909 3860; x_wconf 91' lang='lat' dir='ltr'><strong>non</strong></span> <span class='ocrx_word' id='word_1_316' title='bbox 1943 3809 2238 3879; x_wconf 79' lang='lat' dir='ltr'><strong>praeteritus</strong></span> <span class='ocrx_word' id='word_1_317' title='bbox 2264 3827 2291 3858; x_wconf 83' lang='lat' dir='ltr'><strong>a</strong></span> <span class='ocrx_word' id='word_1_318' title='bbox 2321 3808 2441 3861; x_wconf 86' lang='lat' dir='ltr'><strong>Plu-</strong></span> 
     </span>
     <span class='ocr_line' id='line_1_52' title="bbox 1419 3888 2441 3959; baseline -0.003 -16"><span class='ocrx_word' id='word_1_319' title='bbox 1419 3891 1603 3943; x_wconf 80' lang='lat' dir='ltr'><strong>tarcho</strong></span> <span class='ocrx_word' id='word_1_320' title='bbox 1630 3889 1697 3942; x_wconf 88' lang='lat' dir='ltr'><strong>de</strong></span> <span class='ocrx_word' id='word_1_321' title='bbox 1724 3890 1931 3959; x_wconf 86' lang='lat' dir='ltr'><strong>republ.</strong></span> <span class='ocrx_word' id='word_1_322' title='bbox 1967 3888 2119 3940; x_wconf 86' lang='lat' dir='ltr'><strong>VIII.</strong></span> <span class='ocrx_word' id='word_1_323' title='bbox 2147 3921 2227 3930; x_wconf 87' lang='lat'><strong>--</strong></span> <span class='ocrx_word' id='word_1_324' title='bbox 2254 3888 2441 3940; x_wconf 78' lang='lat' dir='ltr'><strong>Substi-</strong></span> 
     </span>
     <span class='ocr_line' id='line_1_53' title="bbox 1422 3966 2437 4022; baseline 0 -3"><span class='ocrx_word' id='word_1_325' title='bbox 1422 3973 1526 4022; x_wconf 82' lang='lat' dir='ltr'><strong>tuit.</strong></span> <span class='ocrx_word' id='word_1_326' title='bbox 1554 3969 1811 4022; x_wconf 89' lang='lat' dir='ltr'><strong>Nonnulli</strong></span> <span class='ocrx_word' id='word_1_327' title='bbox 1837 3967 1986 4020; x_wconf 89' lang='lat' dir='ltr'><strong>MSS.</strong></span> <span class='ocrx_word' id='word_1_328' title='bbox 2022 3987 2147 4020; x_wconf 80' lang='lat' dir='ltr'><strong>cuin</strong></span> <span class='ocrx_word' id='word_1_329' title='bbox 2171 3966 2296 4020; x_wconf 81' lang='lat' dir='ltr'><strong>edit.</strong></span> <span class='ocrx_word' id='word_1_330' title='bbox 2334 3981 2437 4019; x_wconf 84' lang='lat' dir='ltr'><strong>vet.</strong></span> 
     </span>
    </p>
   </div>
   <div class='ocr_carea' id='block_1_8' title="bbox 1415 4048 2441 4182">
    <p class='ocr_par' dir='ltr' id='par_1_14' title="bbox 1415 4048 2441 4182">
     <span class='ocr_line' id='line_1_54' title="bbox 1415 4048 2441 4119; baseline 0.001 -20"><span class='ocrx_word' id='word_1_331' title='bbox 1415 4054 1660 4102; x_wconf 75' lang='lat' dir='ltr'><strong>sustinuit.</strong></span> <span class='ocrx_word' id='word_1_332' title='bbox 1709 4048 1861 4119; x_wconf 84' lang='lat' dir='ltr'><strong>Pigh.</strong></span> <span class='ocrx_word' id='word_1_333' title='bbox 1908 4061 1959 4099; x_wconf 88' lang='lat' dir='ltr'><strong>et</strong></span> <span class='ocrx_word' id='word_1_334' title='bbox 2000 4048 2173 4100; x_wconf 85' lang='lat' dir='ltr'><strong>Coler.</strong></span> <span class='ocrx_word' id='word_1_335' title='bbox 2215 4048 2441 4100; x_wconf 77' lang='lat' dir='ltr'><strong>substitit.</strong></span> 
     </span>
     <span class='ocr_line' id='line_1_55' title="bbox 1423 4130 1581 4182; baseline 0.013 -2"><span class='ocrx_word' id='word_1_336' title='bbox 1423 4130 1581 4182; x_wconf 82' lang='lat' dir='ltr'><strong>Male.</strong></span> 
     </span>
    </p>
   </div>
   <div class='ocr_carea' id='block_1_9' title="bbox 2006 4222 2135 4304">
    <p class='ocr_par' dir='ltr' id='par_1_15' title="bbox 2006 4222 2135 4304">
     <span class='ocr_line' id='line_1_56' title="bbox 2006 4222 2135 4304; baseline -0.016 0"><span class='ocrx_word' id='word_1_337' title='bbox 2006 4222 2135 4304; x_wconf 77' lang='lat'><strong>13³</strong></span> 
     </span>
    </p>
   </div>
  </div>
 </body>
</html>
