3143 5204
1117 396 1556 465 VALERII
1613 394 2026 461 MAXIMI
2081 396 2265 460 LIB.
2323 395 2452 461 IX.

736 531 953 597 minus
979 525 1425 597 admirabilem
1455 524 1908 595 crudelitatem
1942 526 2154 619 gentis
2188 527 2389 618 ipsius
2416 524 2670 610 feritas»,
2698 547 2861 590 nar-

734 634 1007 702 randam
1047 649 1268 702 tamen
1310 632 1522 702 rabies
1567 633 1825 702 saevitiae
1862 631 2060 701 facit:
2101 632 2208 700 cui
2250 655 2461 725 neque
2503 632 2692 699 vivos
2729 629 2862 698 ho-

735 740 942 809 mines
972 740 1219 809 medios
1247 764 1468 809 secare
1489 793 1506 826 ,
1542 763 1754 833 neque
1781 752 2085 833 parentes
2111 736 2469 807 liberorum
2496 739 2675 806 vesci
2704 761 2856 805 cor·

697 932 706 935 -
735 847 1006 940 poribus
1042 846 1224 915 nefas
1261 846 1401 914 fuit.

848 950 909 1022 5.
952 953 1203 1021 Iterum
1251 950 1642 1021 Ptolemaeus
1692 949 2032 1044 Physcon¹
2091 952 2400 1045 emergit,
2454 947 2652 1043 paulo
2700 962 2862 1017 ante

737 1057 1093 1127 libidinosae
1150 1059 1448 1127 amentiae
1510 1058 1918 1126 teterrimum
1977 1054 2349 1150 exemplum
2379 1083 2396 1138 ς
2423 1122 2427 1127 ,
2455 1055 2629 1124 idem
2683 1056 2864 1123 inter

737 1165 1069 1258 praecipua
1105 1163 1508 1234 crudelitatis
1548 1163 1786 1248 indicia
1833 1162 2232 1232 referendus.
2283 1162 2465 1251 Quid
2508 1163 2683 1230 enim
2722 1160 2862 1229 hoc

737 1270 913 1339 facto
959 1268 1437 1341 truculentius?
1495 1269 1711 1339 filium
1758 1295 1950 1339 suum
2014 1271 2280 1339 nomine
2326 1268 2345 1292 ²
2377 1269 2821 1362 Memphiten]
2841 1319 2862 1351 ,

736 1400 935 1469 quem
978 1401 1060 1444 ex
1106 1376 1498 1472 Cleopatra,
1521 1366 1774 1444 'eadem
1818 1401 2044 1446 sorore
2079 1391 2147 1445 et
2180 1400 2385 1446 uxore
2405 1429 2427 1461 ,
2467 1372 2863 1460 sustulerat,

737 1479 1022 1552 liberalis
1051 1482 1278 1553 formae
1309 1485 1703 1578 optimaeque
1731 1484 1870 1578 spei
1905 1507 2183 1577 puerum
2201 1537 2220 1569 ‚
2251 1485 2321 1550 in
2348 1495 2709 1576 conspectu
2737 1504 2862 1548 suo

738 1588 952 1657 occidi
983 1590 1179 1682 jussit
1214 1615 1229 1656 :
1277 1591 1708 1684 protinusque
1755 1604 1958 1684 caput
1995 1590 2133 1682 ejus
2172 1604 2239 1656 et
2278 1588 2477 1682 pedes
2510 1588 2865 1682 praecisOS,

739 1708 806 1761 et
843 1719 1077 1763 manus
1103 1697 1183 1763 'in
1216 1698 1377 1766 cista
1411 1694 1755 1789 chlamyde
1791 1710 2058 1790 opertos
2098 1720 2219 1789 pro
2254 1719 2528 1763 munere
2563 1692 2864 1762 natalitio

740 1803 933 1869 matri
971 1803 1191 1889 misit3
1238 1803 1509 1897 perinde
1548 1804 1733 1896 quasi
1771 1804 1911 1895 ipse
1951 1801 2190 1887 cladis,
2236 1826 2434 1895 quam
2481 1799 2570 1869 illi
2612 1798 2862 1868 infere-

742 1906 888 1992 bat,
927 1933 1188 2002 experS,
1233 1933 1311 1978 ac
1345 1935 1480 1978 non
1517 1907 1864 1994 infelicior,
1899 1907 2077 2002 quod
2105 1910 2172 1976 in
2204 1908 2542 1976 communi
2577 1906 2867 1974 orbitate

743 2011 1164 2108 Cleopatram
1206 2014 1683 2100 miserabilem,
1725 2017 1979 2083 cunctis
2024 2039 2092 2082 se
2124 2017 2407 2083 invisum
2451 2012 2863 2081 reddiderat:

742 2119 907 2188 adeo
943 2145 1117 2189 caeco
1157 2122 1380 2190 furore
1423 2107 1717 2191 summa3
1761 2145 2035 2216 quaeque
2068 2120 2442 2189 effervescit
2475 2117 2864 2203 crudelitaS,

743 2250 946 2318 quum
973 2229 1456 2296 munimentum
1480 2254 1558 2297 ex
1585 2251 1651 2297 se
1678 2229 1816 2322 ipsa
1842 2223 2111 2321 reperit!
2138 2229 2307 2295 Nam
2334 2251 2537 2319 quum
2568 2223 2865 2292 animad-

742 2346 1062 2419 verteret,
1106 2349 1354 2426 quanto
1405 2337 1505 2403 sui
1552 2333 1706 2401 odio
1747 2325 1960 2427 patria
1995 2347 2352 2418 teneretur,
2389 2333 2611 2400 timori
2648 2355 2864 2398 reme-

742 2437 925 2505 dium
957 2438 1199 2507 scelere
1227 2441 1498 2533 petivit3
1532 2464 1796 2533 quoque
1826 2441 2028 2507 tutius
2057 2438 2247 2533 plebe
2277 2439 2599 2508 trucidata
2630 2460 2865 2531 regna-

748 395 887 468 150

745 2642 774 2673 a
807 2623 1000 2674 femina
1038 2635 1209 2674 essent
1237 2635 1378 2687 acta,
1416 2621 1559 2674 haud
1603 2620 1767 2676 dubie

745 2700 897 2752 aliter
928 2701 1178 2771 loquutus
1204 2715 1364 2758 esset,
1404 2703 1639 2773 reginam
1668 2720 1762 2754 vo-

743 2796 932 2847 casset,
956 2796 1008 2835 et
1028 2784 1103 2833 rei
1124 2780 1491 2852 indignitatem
1523 2783 1766 2847 auxisset,

746 2861 890 2932 quod
910 2862 1029 2914 talia
1044 2881 1070 2912 a
1086 2862 1277 2914 femina
1288 2874 1642 2932 patrarentur.
1657 2865 1766 2916 Cae-

745 2955 914 2994 terum
944 2944 1119 2994 forsan
1149 2942 1301 2994 altius
1328 2940 1581 2994 mendum
1610 2944 1760 3008 latet,

745 3034 799 3074 et
823 3022 910 3074 hic
936 3024 1114 3075 Thrax
1141 3021 1281 3075 idem
1316 3036 1393 3075 est
1409 3063 1424 3089 ‚
1453 3024 1543 3092 qui
1565 3021 1763 3075 dicitur

744 3105 995 3172 Ζιβέλμιος
1008 3137 1023 3165 ,
1038 3104 1121 3156 vel
1137 3107 1384 3174 ziongizoc
1402 3107 1645 3174 Διηγὺ).ιος
1666 3105 1762 3163 υἷος

748 3201 776 3232 a
786 3180 1123 3236 Diodoro.De
1132 3202 1195 3235 eo
1207 3202 1293 3235 cer
1299 3196 1347 3236 te
1354 3184 1542 3236 similia
1553 3203 1767 3237 narran-

749 3275 853 3313 tur.
879 3295 958 3302 —
980 3264 1186 3314 Fet-itas.
1212 3263 1331 3316 Huc
1353 3264 1604 3333 pertinet,
1619 3262 1765 3335 quod

747 3340 1023 3394 Persarum
1047 3341 1220 3395 Schah
1246 3345 1422 3402 Abhes,
1447 3342 1638 3396 dixisse
1662 3344 1766 3396 fer·

750 3433 852 3473 tur.
877 3419 1056 3486 Quum
1075 3423 1129 3474 in
1152 3437 1437 3495 conspectu
1457 3423 1594 3494 regis
1615 3437 1668 3477 et
1685 3423 1768 3474 lu-

749 3501 1040 3553 sitanorum
1060 3501 1349 3572 legatorum
1366 3501 1583 3574 quidam
1607 3503 1768 3556 male·

750 3581 838 3631 fici
868 3579 1151 3633 horrendis
1179 3582 1447 3653 suppliciis
1480 3581 1768 3635 adficeren-

754 3672 867 3723 tur,
892 3673 944 3712 et
973 3660 1112 3713 inter
1140 3661 1240 3713 alia
1265 3661 1538 3733 cujusdam
1563 3660 1769 3715 scinde-

751 3751 900 3791 retur
926 3752 1110 3793 venter
1125 3779 1140 3803 ,
1165 3754 1217 3792 et
1245 3741 1400 3811 legati
1421 3741 1603 3793 oculos
1618 3760 1646 3792 a
1665 3754 1771 3794 tam

752 3820 918 3871 atroci
954 3819 1248 3890 spectaculo
1284 3832 1614 3885 averterent3
1638 3840 1730 3873 rex
1754 3839 1768 3871 z

755 3902 953 3949 immane
984 3899 1071 3950 Ιιοο
1094 3899 1308 3971 quidem,
1341 3900 1543 3970 inquit,
1570 3901 1659 3952 sed
1683 3900 1776 3951 sibi

753 3996 856 4027 «rum
869 3981 994 4042 seris
1017 3971 1296 4030 bestiis‘rem
1317 3999 1429 4031 esse.
1473 3978 1600 4032 Vid.
1628 3979 1769 4032 The-

755 4058 932 4109 venoti
961 4057 1133 4111 itiner.
1165 4059 1221 4111 11
1239 4095 1259 4122 ‚
1303 4077 1324 4110 1
1339 4059 1367 4111 5
1382 4077 1422 4109 1.

1938 2641 1985 2675 1.
2014 2625 2252 2695 Physcon.
2293 2625 2432 2677 Ann-
2467 2625 2536 2676 U.
2570 2623 2694 2676 circ.
2729 2625 2863 2678 6²5.

1850 2703 1965 2755 Liv.
2006 2704 2168 2768 LIX;
2206 2699 2401 2756 J'ustin.
2436 2704 2760 2771 XXXVIII,
2800 2705 2871 2766 8;

1850 2783 2065 2854 Ioseph.
2098 2785 2221 2835 Ant.
2253 2784 2323 2834 11.

1935 2884 1982 2916 a.
2015 2864 2337 2934 Memphitem.
2355 2863 2572 2935 Pighius
2591 2877 2644 2917 et
2660 2864 2749 2916 alii
2765 2864 2873 2915 Me·

1849 2946 2097 3014 nephitem.
2134 2942 2239 2995 Sed
2277 2945 2558 3015 Memphites
2593 2958 2812 2997 vocatur
2840 2967 2875 2997 a

1850 3022 2089 3076 Diodoro
2109 3024 2274 3076 siculo
2294 3025 2351 3076 in
2366 3025 2625 3095 excerptis
2641 3026 2867 3077 Peiresc.

1851 3103 1977 3156 vid.
2026 3122 2243 3173 quoque
2280 3106 2585 3157 Bernecoer.
2624 3102 2691 3157 ad
2728 3106 2870 3157 Just.

1852 3184 2149 3236 XXXVIII
2165 3223 2180 3247 ,
2206 3185 2258 3236 8.

1937 3264 1988 3315 3.
2021 3263 2216 3315 Summa
2233 3284 2483 3336 quaque...
2504 3264 2776 3316 andelium.
2803 3263 2873 3316 Id

1852 3358 1930 3396 est
1951 3382 1967 3410 ,
1997 3345 2306 3396 saevissimus
2333 3344 2554 3414 quisque
2582 3362 2595 3396 :
2624 3343 2877 3396 valerius

1856 3424 1999 3476 enim
2020 3437 2158 3477 amat
2180 3425 2450 3476 abstracta.
2469 3424 2672 3476 Tamen
2687 3442 2874 3474 summ

1856 3503 2111 3555 crudelitas
2130 3503 2443 3573 intelligitur
2460 3522 2489 3556 a
2505 3505 2734 3556 Tou-en.
2756 3522 2876 3555 cru-

1858 3580 2043 3636 delitas
2080 3601 2408 3635 summorum
2443 3583 2529 3635 vel
2561 3583 2875 3653 potentissi-

1857 3681 2069 3716 morum
2094 3663 2351 3715 virorum.
2376 3662 2617 3714 Perizon.
2643 3663 2792 3714 malit
2821 3667 2875 3713 in

1856 3762 2060 3804 summa,
2084 3743 2195 3794 scil.
2217 3742 2466 3794 facinora.
2480 3742 2659 3793 ——Ex
2674 3761 2726 3792 se
2748 3746 2871 3811 φη.

1859 3822 2064 3892 Nempe
2080 3859 2097 3886 ‚
2119 3819 2446 3874 crudelitate.
2475 3819 2539 3873 Id
2564 3834 2674 3885 est,
2702 3840 2871 3892 quum

1860 3901 2108 3971 princeps
2123 3919 2261 3952 nova
2276 3899 2588 3953 crudelitate
2607 3912 2872 3971 grassatur

1860 3993 2044 4033 contra
2069 3998 2158 4032 eos
2177 4017 2193 4044 ,
2225 3979 2418 4049 quibus
2448 3999 2505 4032 se
2538 3980 2767 4032 invisum
2797 3980 2871 4032 ob

1860 4073 1978 4112 ante
2007 4059 2285 4113 exercitam
2307 4057 2672 4112 crudelitatem
2692 4058 2868 4113 sentit.
