3143 5204
726 427 823 507 40
1092 425 1540 490 VALERII
1598 424 2011 491 MAXIMI
2067 424 2256 489 LIB.
2312 423 2486 491 VII.

725 579 993 623 manum
1041 558 1114 623 L.
1168 554 1848 647 Mummiusadjeeit,
1895 556 2178 622 maxima
2212 579 2366 648 pars
2407 554 2491 621 ab
2534 554 2662 623 hoc
2699 557 2840 624 viro

721 662 1068 756 profligata
1110 676 1224 729 est.
1264 663 1428 730 Eine
1471 687 1631 756 ergo
1668 660 1952 755 populus
1984 658 2398 730 consulatum
2440 685 2680 753 negare
2725 687 2852 755 po··

624 788 631 795 ·
722 769 888 854 tuit,
941 770 1045 836 cui
1100 793 1255 837 mox
1313 768 1475 837 duas
1529 767 1919 837 clarissimas
1972 768 2344 861 provincias
2401 781 2515 835 aut
2567 767 2843 836 daturus

720 888 894 958 erat,
937 889 1052 942 aut
1092 873 1466 960 debiturus,
1502 875 1819 943 Achaiam
1856 888 1921 942 et
1960 873 2419 942 Macedoniam
2449 870 2522 939 ¹?
2563 877 2652 942 Et
2692 874 2840 967 qui-

720 979 871 1049 dem
909 979 1038 1049 hoc
1076 981 1286 1067 fact0‚
1323 979 1594 1049 meliore
1625 1006 1703 1050 eo
1742 982 1885 1050 cive
1921 1005 2079 1049 usus
2115 995 2248 1066 est;
2284 977 2598 1048 intellexit
2630 981 2841 1066 enim,

721 1111 917 1179 quam
945 1086 1266 1155 industrie
1293 1087 1415 1155 sibi
1438 1086 1765 1181 gerendus
1791 1101 1959 1156 esset
1983 1085 2366 1155 consulatus
2383 1140 2402 1175 ,
2429 1110 2627 1180 quem
2657 1100 2844 1155 tanto

719 1190 946 1261 labore
982 1194 1320 1286 impetrari
1358 1208 1665 1262 senserat.
1923 1216 1926 1219 ·

833 1296 895 1368 5.
954 1299 1131 1387 Quid
1175 1315 1311 1368 tam
1366 1299 1725 1387 excellens,
1775 1299 1930 1394 quid
1982 1315 2118 1369 tam
2174 1297 2599 1430 opulentum,
2644 1322 2843 1392 quam

722 1408 796 1473 L.
830 1403 1043 1473 Sulla²
1065 1403 1094 1472 Ξ)
1124 1408 1402 1476 Divitias
1430 1422 1496 1476 et
1531 1408 1802 1502 imperia
1836 1406 2108 1501 largitus
2140 1391 2279 1474 est³
2295 1405 2523 1499 ;leges
2551 1419 2846 1474 vetustas

720 1500 1139 1605 abrogavit⁴‚
1178 1538 1385 1582 novas
1428 1512 1613 1584 tulit·
1657 1514 1766 1582 hic
1810 1538 2073 1607 quoque
2115 1514 2181 1579 in
2227 1538 2306 1581 eo
2344 1536 2615 1606 campo,
2657 1513 2850 1605 cujus

720 1631 948 1712 postea
990 1567 1293 1689 doniinus
1332 1621 1612 1708 exstitit,
1665 1618 1923 1714 repulsa
1976 1634 2276 1715 praeturae
2327 1617 2666 1713 sugillatus
2702 1633 2849 1702 est;

721 1728 940 1793 omnia
977 1724 1121 1794 loca
1162 1729 1350 1821 petiti
1393 1727 1696 1814 honoris,
1731 1729 1783 1795 si
1818 1729 1963 1820 quis
1998 1726 2198 1795 modo
2240 1726 2515 1795 deorum
2560 1672 2849 1793 formani

720 1846 787 1898 et
830 1834 1178 1926 imaginem
1226 1832 1463 1902 futurae
1495 1835 1635 1926 ejus
1672 1836 1982 1929 potentiae
2017 1831 2266 1928 populo
2300 1856 2576 1901 romano
2606 1856 2848 1925 reprae·

720 1953 1069 2025 seutasset‚
1109 1941 1597 2034 impetraturus.

828 2044 893 2114 6.
936 2044 1062 2114 Sed
1108 2060 1182 2114 ut
1228 2048 1648 2115 comitiorum
1689 2049 2047 2117 maximum
2094 2048 2341 2115 crimen
2387 2046 2709 2133 referam,
2749 2047 2846 2114 M.

721 2153 989 2221 Porcius
1018 2155 1187 2222 Cato
1208 2138 1253 2241 ⁵,
1281 2152 1427 2248 plus
1456 2155 1751 2223 moribus
1789 2156 1920 2223 suis
1951 2168 2252 2249 praeturae
2278 2152 2537 2223 decoris
2566 2153 2850 2247 adjectu-

717 2346 889 2398 fllium
929 2365 983 2399 se
1026 2348 1215 2418 gessit,
1271 2347 1743 2418 Macedoniamque

718 2427 802 2478 vel
829 2427 1098 2480 voluntate
1137 2429 1513 2491 incolentium,
1539 2428 1623 2479 vel
1658 2445 1741 2478 ar-

1828 2345 2062 2399 cedoniae
2088 2348 2301 2408 maluit,
2331 2367 2489 2419 quam
2516 2361 2638 2420 post
2663 2365 2854 2400 oonsu-

1827 2427 1992 2479 latum
2010 2466 2025 2494 ‚
2061 2428 2338 2482 Celtiberis
2377 2429 2633 2493 subactis,
2663 2427 2723 2479 in
2752 2446 2849 2497 po-

718 2507 820 2559 mis
850 2508 1142 2577 occupavit.
1169 2539 1248 2549 --
1280 2507 1605 2558 mandem...
1623 2525 1739 2574 pro·
1826 2519 2065 2559 testatem
2097 2509 2458 2560 Romanorum
2481 2506 2703 2579 redegit.
2720 2505 2849 2560 Vid.

718 2597 939 2659 sequutus
961 2599 1044 2638 est.
1070 2586 1154 2639 Sic
1178 2605 1361 2638 omnes
1375 2585 1525 2638 MSS.
1544 2598 1597 2638 et
1616 2583 1737 2638 edd.

720 2685 853 2736 quos
880 2666 1062 2717 Vorst.
1102 2677 1155 2718 et
1178 2666 1398 2718 Torren.
1445 2667 1743 2718 maluerunt

720 2746 870 2816 sequi
910 2764 1069 2816 quam
1107 2744 1527 2798 emendationem
1566 2745 1742 2816 Pighii

718 2825 969 2897 legentis:
994 2845 1129 2896 quem
1152 2825 1212 2876 de
1237 2826 1642 2896 Pseudophilippo
1662 2866 1674 2877 .
1695 2867 1707 2879 .
1726 2868 1737 2879 .

714 2918 1030 2977 prosequutus
1052 2918 1159 2956 crat
1172 2946 1183 2957 .
1205 2947 1217 2958 .
1238 2946 1249 2957 .
1274 2908 1540 2976 profligata
1552 2908 1738 2972 fuerat.

725 3027 737 3038 .
759 3028 770 3039 .
793 3028 805 3039 .
839 2998 927 3037 aut
968 2986 1168 3037 debebat
1200 2998 1287 3037 aue
1322 2998 1428 3037 erae
1458 2986 1743 3038 debiturus?

722 3068 798 3118 Et
839 3067 1025 3139 quidem
1066 3067 1155 3117 hoc
1185 3067 1358 3132 sacto,
1397 3079 1496 3118 etc.
1542 3066 1745 3119 omissis

722 3148 963 3200 Achaiam
994 3158 1041 3198 et
1067 3146 1415 3198 Macedoniam.
1444 3146 1656 3199 Scilicet
1681 3166 1742 3200 ex

722 3227 939 3279 historia
976 3245 1193 3278 romana
1232 3239 1434 3279 constat
1472 3226 1744 3279 Metellum

722 3305 1125 3359 Macedonicum
1172 3305 1241 3360 de
1290 3305 1744 3378 Pseudophilippo

724 3386 1104 3457 triumphasse,
1138 3405 1303 3457 quum
1344 3385 1515 3439 adbuc
1547 3400 1744 3458 pra-,tor

724 3481 881 3527 esset,
913 3480 964 3519 et
986 3480 1266 3538 antequam
1294 3467 1623 3519 consulatum
1649 3486 1743 3537 pe-

725 3561 876 3600 teret.
909 3547 1150 3599 Valerius
1178 3560 1352 3599 autem
1387 3547 1569 3601 scribit
1587 3583 1603 3609 ,
1629 3545 1743 3599 Me·

727 3628 850 3679 tello
877 3627 1127 3679 Achaiam
1157 3639 1210 3679 et
1239 3626 1604 3680 Macedoniam
1625 3638 1746 3696 post

726 3708 1024 3761 consulatus
1067 3707 1329 3777 repulsam
1374 3706 1549 3760 datam
1594 3725 1702 3759 esse
1727 3727 1742 3771 ;

726 3787 871 3857 quod
911 3805 1076 3858 quum
1113 3788 1387 3840 manifesto
1427 3787 1616 3840 falsum
1658 3787 1743 3851 sit,

726 3867 877 3937 Pigh.
916 3881 1116 3921 textum
1155 3867 1416 3937 corrigere
1445 3867 1645 3931 voluit,
1675 3885 1744 3919 ne

728 3948 973 4000 Valerius
996 3948 1193 4000 erroris
1222 3947 1514 4000 insimulari
1549 3960 1740 4017 posset.

814 4044 857 4078 1.
890 4029 1240 4079 Macedoniam.
1267 4027 1507 4079 Achaiam
1528 4026 1743 4096 Pighius

727 4108 1004 4179 expunxit,
1032 4121 1083 4160 et
1105 4110 1391 4179 Hispaniam
1411 4105 1604 4160 addere
1629 4107 1741 4161 Ma-

1829 2585 2074 2650 Florum‚
2087 2586 2161 2652 11,
2183 2607 2204 2639 1
2217 2606 2269 2657 7.
2288 2585 2390 2640 Sed
2402 2587 2560 2641 lectio
2572 2586 2641 2640 de
2654 2586 2851 2642 Achaia

1828 2666 2202 2732 confirmatur,
2238 2666 2382 2738 quod
2409 2687 2520 2721 non
2546 2675 2754 2721 tantum
2784 2665 2854 2722 de

1828 2744 2166 2800 macedonico
2181 2785 2196 2812 ,
2218 2746 2310 2800 sed
2328 2760 2379 2800 et
2394 2745 2463 2800 de
2483 2747 2698 2800 achaico
2708 2748 2851 2800 bello

1827 2825 2157 2897 praedixerat.
2198 2828 2390 2898 Negari
2422 2841 2598 2880 tamen
2632 2828 2850 2898 nequit,

1828 2906 1887 2958 in
1906 2906 2009 2959 hoc
2031 2925 2228 2960 errasse
2242 2908 2541 2972 Valerium,
2568 2905 2717 2978 quod
2740 2920 2852 2960 tra·

1828 2984 1937 3052 dit,
1970 2987 2186 3039 Metello
2223 2987 2472 3039 Achaiam
2512 3000 2566 3039 et
2599 2986 2852 3041 Macedo-

1828 3067 1971 3118 niam
1998 3064 2214 3119 demum
2242 3080 2354 3138 post
2380 3068 2650 3120 consulatus
2690 3069 2852 3138 repul·

1828 3166 1931 3197 sam
1954 3145 2100 3198 datas
2123 3165 2248 3198 esse.

1915 3245 1964 3277 2.
1994 3227 2151 3278 Sulla.
2175 3226 2302 3279 Vid.
2331 3227 2472 3280 Plut.
2498 3227 2556 3278 in
2583 3228 2711 3291 vit.;
2739 3229 2852 3297 Ap-

1830 3306 1970 3376 pian.
1996 3306 2112 3359 civ.
2134 3307 2179 3358 1.
2205 3308 2308 3360 An.
2338 3307 2407 3359 U.
2434 3306 2568 3375 659.

1912 3385 1964 3438 3.
1985 3386 2214 3456 Lat-girus
2233 3400 2319 3441 est.
2341 3387 2478 3439 Nam
2494 3398 2749 3457 occupata
2767 3403 2855 3438 re*

1828 3466 2065 3536 publica,
2096 3468 2514 3538 proscriptorum
2539 3466 2738 3519 civium
2756 3466 2854 3518 bo-

1830 3564 1897 3597 na
1931 3544 2149 3599 donavit
2163 3588 2178 3611 ,
2216 3547 2547 3618 magistratus
2568 3584 2585 3610 ‚
2624 3546 2848 3617 provin-

1829 3625 1934 3677 cias
1963 3639 2119 3699 atque
2146 3627 2368 3698 imperia
2387 3645 2487 3697 pro
2510 3645 2602 3679 sua
2624 3624 2853 3679 libidine

1829 3704 2120 3760 distribuit.

1912 3793 1967 3850 4.
1988 3788 2272 3857 Abrogavit.
2288 3787 2410 3839 Illas
2427 3786 2678 3838 nimirum
2691 3823 2707 3850 ,
2730 3803 2851 3857 qun

1829 3865 1936 3920 suis
1960 3867 2253 3920 rationibus
2273 3866 2608 3923 obsisterent,
2629 3877 2684 3917 et
2711 3883 2848 3935 prn-

1830 3946 2008 3998 sertim
2035 3966 2198 4018 quum
2219 3946 2357 3998 cives
2375 3966 2402 3997 a
2420 3946 2593 3999 Mario
2622 3946 2850 4016 proscri-

1830 4038 1949 4096 ptos
1970 4040 2255 4080 revocaret.

1919 4108 1969 4160 5.
2015 4107 2155 4161 Cato.
2184 4109 2282 4158 An.
2313 4107 2380 4158 U.
2414 4108 2546 4173 698.
2578 4103 2850 4157 Plutarch.
