3143 5204
797 479 892 548 62
1124 480 1571 548 VALERII
1630 480 2050 548 MAXIMI
2104 482 2302 548 LIB.
2364 482 2593 549 VIII.

798 626 1179 682 cumeutum
1229 611 1539 698 daretur,
1592 634 1806 727 neque
1853 612 2291 682 secundarum
2335 636 2554 682 rerum
2601 630 2928 707 proventu

798 718 1154 789 insolenter
1188 719 1407 803 abuti,
1444 718 1670 812 nequ'e
1688 720 1981 789 adversis
2007 744 2312 814 propere·
2324 728 2720 814 quemquam
2751 720 2929 825 debi-

799 824 971 896 litari
1013 840 1365 920 oportere.⁸

905 949 974 1030 4.
1027 945 1236 1039 quue
1268 947 1585 1039 proximo
1625 943 1927 1039 exemplo
1966 969 2150 1063 aeque
2190 959 2411 1039 patet:
2456 948 2527 1014 P.
2576 942 2931 1015 Claudius¹

801 1053 1024 1121 nescio
1056 1051 1387 1145 religionis
1414 1051 1662 1145 major,
1691 1074 1777 1118 an
1820 1053 2046 1145 patriae
2087 1052 2321 1145 injuria
2361 1043 2728 1146 (siquidem
2766 1050 2937 1120 illius

802 1159 1317 1227 vetustissimum
1353 1183 1608 1227 morem
1647 1156 1969 1252 neglexit,
1994 1156 2195 1250 hujus
2221 1155 2738 1263 pulcherrimam
2777 1156 2940 1227 clas-

806 1288 943 1334 sem
971 1256 1245 1351 amisit),
1269 1254 1506 1334 infesto
1534 1262 1785 1359 populo
1820 1263 2151 1358 objectuS‚
2181 1288 2386 1358 quum
2424 1264 2719 1359 effugere
2754 1262 2940 1333 debi-

808 1386 943 1440 tam
988 1396 1251 1465 poenam
1296 1370 1481 1440 nullo
1524 1370 1726 1439 modo
1765 1394 1959 1465 posse
2003 1369 2420 1459 crederetur,
2467 1371 2686 1440 subito
2727 1372 2944 1440 coorti

808 1476 1037 1545 imbris
1080 1477 1402 1547 beneficio
1444 1492 1627 1547 tutus
1669 1477 1797 1546 fuit
1838 1500 1877 1546 3
1919 1476 2385 1566 damnatione3
2428 1476 2722 1546 discussa
2762 1479 2944 1546 enim

804 1585 1201 1677 quaestione,
1236 1582 1428 1653 aliam
1447 1638 1466 1672 ,
1505 1583 1691 1653 velut
1732 1583 1855 1653 diis
1887 1581 2519 1717 interpellantibus',
2559 1580 2641 1653 de
2681 1585 2945 1678 integro

808 1692 1159 1759 instaurari
1193 1715 1330 1759 non
1358 1690 1646 1786 placuit.
1681 1692 1773 1759 ita
1809 1692 1916 1759 cui
1949 1676 2314 1759 maritima³
2341 1706 2696 1786 tempestas
2727 1715 2946 1759 causae

807 1796 1166 1866 dictionem
1206 1808 1662 1884 contraxerat,
1698 1794 1970 1866 caelestis
2005 1795 2282 1865 salutem
2322 1796 2556 1866 attulit.

927 1912 990 1985 5.
1028 1915 1284 1985 Eodem
1322 1914 1544 1984 auxilii
1578 1940 1817 2010 genere
1840 1917 2104 1986 Tucciae
2117 1903 2166 2004 ⁴,
2195 1917 2466 2012 virginis
2487 1914 2812 2001 Vestalis,
2848 1917 2948 1984 in-

814 2024 976 2092 cesti
1015 2022 1304 2090 criminis
1340 2046 1501 2121 reae,
1533 2023 1796 2091 castitas
1825 2021 2107 2092 infamiae
2138 2023 2316 2091 nube
2350 2022 2700 2093 obscurata
2733 2048 2948 2091 emer-

818 2130 955 2198 sit:
1002 2144 1153 2222 quae
1194 2128 1595 2197 conscientia
1628 2142 1824 2198 certae
1865 2130 2257 2198 sinceritatis
2297 2155 2466 2218 suae,
2501 2155 2684 2223 spem
2719 2128 2950 2199 salutis

808 2235 1087 2328 'ancipiti
1119 2248 1511 2357 argumento
1544 2259 1704 2305 ausa
1739 2248 1964 2367 petere
1996 2250 2134 2304 est·
2118 2250 2440 2330 ,arrepto
2477 2238 2653 2304 enim
2686 2236 2951 2323 cribro,

824 2344 1109 2428 «Vesta,
1138 2344 1383 2436 inquit,
1414 2344 1467 2412 si
1508 2343 1708 2412 sacris
1733 2328 1906 2410 tuis⁵
1937 2357 2153 2411 castas
2188 2368 2448 2438 semper
2492 2341 2759 2411 admovi
2808 2366 2952 2410 ma·-

815 2472 975 2536 nus,
1021 2448 1247 2535 effice,
1277 2465 1355 2517 ut
1388 2448 1518 2518 hoc
1553 2449 1855 2517 hauriam
1892 2475 1928 2517 e
1962 2449 2184 2518 Tiberi
2219 2473 2491 2544 aquam,
2531 2465 2599 2518 et
2638 2451 2706 2517 in
2740 2449 2950 2519 aedem

817 2571 999 2625 tuam
1054 2554 1403 2649 perferam.
1436 2584 1469 2621 »
1506 2554 1862 2625 Audaciter
1906 2572 1973 2625 et
2015 2570 2263 2627 temere
2296 2557 2489 2651 jactis
2526 2557 2695 2626 votis
2734 2581 2951 2626 sacer·

817 2662 1030 2749 dotis,
1065 2683 1290 2730 rerum
1324 2663 1473 2754 ‘ipsa
1514 2675 1749 2731 natura
1786 2665 1998 2732 cessit.

930 2780 999 2852 6.
1035 2784 1207 2852 Item
1243 2783 1323 2851 L.
1352 2767 1541 2852 Piso⁶
1562 2806 1604 2851 a
1628 2786 1699 2852 P.
1730 2781 2010 2854 Claudio
2037 2785 2325 2855 Pulchro
2357 2797 2736 2869 accusatae,
2771 2782 2953 2877 quod

913 3002 965 3036 1.
999 2980 1252 3035 Claudiae.
1286 2983 1389 3035 An.
1415 2982 1485 3035 U.
1518 2981 1645 3047 504.
1675 2983 1847 3037 Cicer.

830 3062 901 3117 de
928 3060 1232 3126 Div.1;de
1255 3062 1324 3115 N.
1352 3063 1420 3115 D.
1444 3062 1532 3127 11,
1566 3064 1632 3125 3·
1657 3062 1844 3135 Polyb.

830 3146 890 3203 1,
916 3143 1008 3196 52.
1033 3144 1116 3194 De
1134 3140 1391 3207 Claudio,
1415 3143 1636 3213 pullos
1620 3162 1678 3195 ιιι
1704 3162 1850 3196 mare

782 3249 783 3252 ¹
828 3222 1140 3296 projiciente
1154 3220 1264 3277 vid.
1283 3222 1441 3274 etiam
1459 3242 1608 3295 supr.
1632 3224 1686 3288 Ι,
1709 3229 1775 3289 4,
1795 3223 1850 3278 3.

830 3337 911 3349 —
932 3303 1134 3357 Morem.
1160 3303 1299 3368 Quia
1320 3306 1543 3372 majores
1565 3260 1726 3367 nihil,
1746 3304 1851 3357 nisi

830 3383 996 3455 captis
1020 3383 1263 3455 auspiciis
1280 3414 1296 3443 ‚
1330 3384 1600 3454 gerebant.

914 3483 968 3517 3.
1002 3463 1432 3534 interpellantibus.
1467 3463 1715 3534 Cogitare
1752 3481 1849 3535 po-

831 3557 1004 3601 terant
1020 3581 1039 3606 ,
1056 3542 1185 3595 deos
1222 3544 1362 3615 ipsos
1391 3543 1686 3596 abominari
1712 3543 1850 3613 inju-

830 3639 965 3681 stam
984 3624 1061 3677 ob
1082 3623 1615 3695 superstitiososritus
1635 3623 1850 3676 damna·

831 3708 1051 3760 tionem.
1104 3701 1210 3756 Sed
1262 3702 1585 3775 arripiebant
1624 3704 1850 3757 Romani

831 3799 1066 3849 tantum,
1083 3803 1199 3854 quae
1214 3779 1579 3855 praejudicatas
1598 3801 1716 3836 suas
1732 3784 1849 3855 opi-

829 3867 1015 3920 niones
1036 3865 1175 3917 alere
1195 3876 1466 3936 poterant,
1484 3864 1684 3918 ceteris
1697 3899 1715 3926 ,
1734 3881 1852 3935 quae

826 3959 1011 3999 contra
1034 3957 1214 4006 erant,
1245 3945 1510 4015 neglectis.

909 4026 960 4079 3.
1004 4025 1272 4078 Maritima.
1319 4023 1382 4078 Id
1426 4037 1536 4087 est,
1577 4022 1749 4077 clades
1792 4025 1848 4077 in

827 4124 1002 4177 pugna
1018 4105 1278 4159 maritima
1295 4118 1479 4158 eontra
1498 4103 1848 4158 Adherbalem

826 4198 1053 4259 acepta.

2020 2991 2072 3047 4.
2121 2986 2171 3037 T
2166 3005 2329 3038 τισι-ια-
2351 2984 2509 3037 Multi
2543 2985 2726 3045 Tucim,
2749 2996 2810 3035 ut
2827 2983 2956 3036 Dio-

1933 3065 2117 3135 nysius
2141 3064 2519 3124 Η31ἱο.Τυκίας
2546 3065 2718 3134 ὄνομα.
2750 3062 2957 3117 Plinius

1934 3157 2108 3197 autem
2146 3145 2342 3198 Tuccia.
2368 3175 2449 3187 -
2489 3145 2715 3196 Emer-sit.
2745 3134 2849 3195 An.
2881 3144 2955 3198 U.

1939 3227 2071 3291 609.
2104 3224 2239 3277 Plin.
2273 3224 2543 3289 XXVIII,
2580 3241 2642 3288 3;
2671 3224 2955 3294 Angustia.

1933 3302 2093 3357 dec.
2118 3305 2183 3356 D.
2216 3305 2300 3370 X,
2339 3308 2446 3369 16;
2480 3261 2700 3375 Dionys.
2729 3305 2819 3361 II,
2860 3308 2958 3388 619.

2020 3383 2072 3436 5.
2091 3383 2256 3437 Sacris
2273 3389 2383 3435 tuis.
2405 3383 2529 3436 Haec
2545 3385 2756 3437 Tucciae
2772 3373 2962 3456 depre-

1935 3462 2353 3517 cationisincesti
2365 3464 2524 3516 verba
2547 3464 2782 3516 solennia
2804 3464 2964 3518 exsti-

1934 3543 2058 3597 tisse
2088 3545 2241 3596 etiam
2269 3562 2359 3596 sua
2397 3555 2577 3606 mate,
2611 3544 2814 3597 Plinius
2845 3563 2960 3597 me-

1936 3636 2124 3677 morat.
2163 3625 2284 3690 Qua
2327 3621 2512 3676 fraude
2550 3641 2737 3695 aquam
2776 3625 2960 3677 cribro

1935 3704 2201 3769 hauserit,
2233 3702 2379 3775 quod
2409 3717 2462 3756 et
2490 3717 2669 3756 narrat
2696 3701 2957 3762 Ovidius,

1934 3784 2022 3837 vix
2041 3797 2216 3856 potest
2231 3784 2498 3855 explicari.
2513 3818 2592 3826 —
2607 3784 2737 3837 Hoc.
2751 3779 2962 3857 Nempe

1934 3865 2113 3917 cribro
2129 3897 2145 3926 ‚
2179 3863 2324 3935 quod
2358 3864 2659 3935 porrigebat
2687 3877 2959 3935 arreptum

1935 3963 2114 3998 manu.
2135 3946 2278 4015 Ergo
2300 3944 2436 3997 male
2456 3942 2671 4015 quidam
2697 3944 2835 3995 hanc.

2018 4030 2071 4078 6.
2114 4026 2248 4077 Piso.
2285 4027 2386 4077 An.
2420 4026 2491 4077 U.
2528 4030 2659 4093 694.
2694 4023 2816 4077 Piso
2849 4041 2957 4077 cos.

1936 4104 2303 4158 Macedoniam
2340 4117 2711 4177 occupaverat,
2755 4105 2811 4156 in
2853 4122 2957 4176 qua

1938 4187 2008 4238 ita
2033 4205 2088 4239 se
2115 4185 2270 4256 gessit
2288 4224 2306 4250 ‚
2336 4198 2395 4237 ut
2426 4186 2710 4238 exercitum
2750 4184 2956 4237 amitte·
