3143 5204
351 499 545 566 CAP.
593 498 762 604 ΠΙ,
797 496 935 564 DE
978 492 1685 564 MULIEBRIBUS
1729 494 2095 565 CAUSIS.
2211 493 2306 590 75

785 725 796 735 '
866 716 1350 805 CAPUT
1432 717 1628 803 ΙΙΙ.

214 935 308 1000 De
341 929 717 1000 mulieribus
757 951 916 1023 quae
955 952 1211 998 causas
1251 927 1448 1023 apud
1485 934 1930 1023 magistratus
1966 946 2249 1024 egerunt
2268 930 2306 997 ¹.

321 1143 358 1170 ι.
382 1126 575 1173 Amin
600 1124 771 1173 Sentit.
795 1149 857 1159 —
882 1138 924 1171 2.
947 1123 1137 1171 Afrani·
1159 1123 1325 1171 Licinii
1345 1124 1605 1171 Buccionis.
1630 1149 1691 1161 -—
1716 1124 1760 1172 3.
1784 1126 2029 1173 Hortensia
2045 1128 2106 1185 Q.
2128 1128 2182 1173 1³.

300 1297 394 1364 Ne
427 1295 509 1364 de
545 1295 647 1365 his
680 1295 945 1388 quidem
978 1294 1233 1363 feminis
1268 1294 1621 1363 tacendum
1652 1309 1787 1383 est,
1824 1320 1988 1391 quas
2012 1295 2311 1366 conditio

208 1417 477 1489 naturae,
520 1418 589 1471 et
620 1400 1031 1471 verecundiae
1071 1397 1277 1469 stola²
1284 1415 1413 1488 ‚ut
1449 1401 1518 1468 in
1552 1401 1698 1471 foro
1734 1416 1798 1471 et
1823 1401 2083 1496 judiciis
2123 1417 2305 1472 tace-

206 1524 371 1597 rent,
408 1508 718 1578 cohibere
754 1534 890 1578 non
929 1506 1151 1638 valu3it.

306 1640 357 1684 1.
394 1617 673 1685 Amaesia
702 1616 925 1685 Sentia
950 1600 1102 1683 rea3
1108 1640 1421 1702 ,causam
1456 1637 1642 1684 suam
1663 1668 1683 1702 ,
1716 1618 1795 1684 L.
1822 1616 1994 1685 Titio
2029 1630 2313 1713 praetore

195 1722 496 1815 judicium
531 1737 848 1819 cogente,
888 1723 1176 1791 maximo
1218 1719 1457 1817 populi
1490 1746 1817 1791 concursu
1848 1724 2026 1817 egit:
2061 1736 2306 1817 partes·

202 1855 311 1922 que
351 1855 584 1898 ornnes
628 1850 705 1898 ae
746 1814 1099 1898 numeros⁴¹
1143 1827 1537 1897 defensionis
1590 1853 1726 1896 non
1769 1827 1984 1898 solum
2027 1827 2312 1924 diligen-

202 1952 315 2023 ter,
333 1937 448 2005 sed
466 1938 665 2005 etiam
698 1936 957 2005 fortiter
983 1950 1374 2029 exsequuta‚
1398 1949 1465 2003 et
1488 1936 1703 2030 prima
1726 1936 2019 2023 actione,
2041 1949 2109 2004 et
2126 1961 2318 2055 paene

201 2045 432 2112 cunctis
473 2044 810 2113 sententiis
850 2041 1125 2111 liberata
1157 2040 1276 2111 est.
1314 2040 1533 2131 Quam
1560 2095 1580 2131 ‚
1624 2043 1777 2136 quia
1815 2041 1936 2111 sub
1977 2044 2192 2137 specie
2231 2042 2316 2111 fe-

202 2152 373 2219 minae
402 2148 662 2220 virilem
691 2152 983 2220 animum
1016 2149 1325 2243 gerebat,
1350 2147 1843 2243 Androgynem
1876 2148 2313 2244 appellabant.

291 2282 351 2325 α.
384 2260 467 2328 C.
504 2243 694 2326 vero⁵
732 2256 1043 2344 Afrania,
1079 2255 1317 2325 Licinii
1358 2255 1707 2324 Buccionis
1751 2257 2069 2325 senatoris
2106 2281 2276 2324 uxor
2301 2309 2324 2342 ,

198 2379 492 2458 prompta
529 2363 613 2432 ad
654 2363 799 2433 lites
835 2310 1357 2450 contrahendas,
1396 2386 1520 2456 pro
1547 2386 1618 2430 se
1645 2385 1908 2455 semper
1935 2361 2113 2456 apud
2192 2388 2320 2431 1·ae-

199 2482 390 2539 torem
433 2471 643 2540 verba
688 2470 884 2540 fecit:
917 2495 1055 2539 non
1091 2468 1277 2562 quod
1315 2467 1655 2537 advocatis
1681 2464 2126 2538 ‘deficiebatur
2154 2523 2173 2557 ‚
2204 2467 2319 2537 sed

196 2577 356 2670 quod
392 2577 802 2672 impudentia
844 2575 1243 2646 abundabat.
1288 2579 1521 2670 Itaque
1562 2575 1890 2646 inusitatis
1930 2574 2078 2646 foro
2115 2573 2321 2645 latra-

197 2683 350 2754 tibus
367 2684 391 2722 ⁷
425 2682 685 2755 assidue
736 2682 1088 2755 tribunalia
1133 2683 1501 2754 exercendo
1522 2736 1542 2770 ,
1579 2680 1918 2752 muliebris
1976 2682 2323 2753 calumniae

266 2910 307 2939 1.
341 2889 591 2957 Eget-unt.
623 2887 724 2940 Ed.
757 2900 858 2940 vet.
887 2906 1009 2941 cum
1041 2887 1198 2940 MSS.
1277 2889 1532 2954 sensiom‘s.
1558 2888 1743 2941 Ner-vos
1774 2900 1953 2940 ortum
1984 2898 2061 2940 est
2091 2906 2154 2940 ex
2181 2906 2326 2940 com·

197 2967 353 3021 multis
369 2982 424 3020 et
442 2964 569 3021 edd.
590 2967 743 3038 Pigh.
759 2965 1060 3038 prioribus:
1094 2986 1202 3038 quoe
1287 2965 1487 3038 pendio
1526 2964 1792 3020 scribendi
1834 2965 1955 3016 ne'c‘os
1970 3005 1985 3025 ‚
2022 2978 2082 3021 ut
2110 2966 2166 3020 in
2201 2968 2320 3039 qui·

197 3047 387 3100 mdia-es
421 3047 559 3119 apud
570 3051 891 3117 imagine-atus
913 3066 1007 3116 pm
1038 3067 1089 3098 se
1117 3059 1203 3098 aut
1288 3045 1514 3100 busdam
1545 3059 1728 3100 exstat.

190 3146 269 3194 pm
292 3128 402 3179 aliis
433 3147 605 3178 causas
634 3139 846 3197 eget-met.

264 3227 310 3259 ι.
337 3207 501 3260 Stolo.
534 3208 597 3260 In
629 3220 866 3260 senatum
898 3207 1078 3259 venire
1123 3207 1201 3258 fe-

196 3286 370 3351 minas,
389 3287 468 3339 fas
487 3306 597 3339 non
620 3299 747 3339 erat.
771 3289 956 3357 Itaque
976 3299 1096 3358 post
1115 3284 1203 3338 Se·

193 3366 471 3419 miamiram
506 3366 831 3439 Heliogabali
868 3379 1086 3418 matrem
1120 3384 1200 3418 se-

192 3463 299 3499 vere
316 3461 531 3500 cantum
550 3460 651 3512 est,
671 3465 739 3499 ne
759 3457 991 3516 unquam
1009 3446 1200 3498 mulier

190 3526 237 3577 in
254 3540 494 3580 senatum
515 3525 881 3598 ingrederetur
894 3565 910 3592 ‚
934 3538 1100 3598 utque
1122 3525 1200 3577 in-

192 3605 298 3658 feris
319 3610 433 3678 ejus
452 3620 612 3679 caput
630 3605 897 3661 dicaretur
913 3604 1196 3659 devovere·

191 3696 395 3758 turque,
422 3707 521 3758 per
550 3707 706 3758 quem
728 3686 784 3740 id
812 3698 944 3739 esset
968 3687 1161 3740 factum
1178 3719 1194 3746 ‚

192 3768 251 3819 uti
276 3767 440 3820 refert
461 3767 812 3838 Lampridius.

260 3848 309 3899 3.
342 3847 462 3899 Rea.
496 3850 558 3900 A.
584 3848 655 3899 U.
697 3851 828 3918 676.

258 3933 311 3989 4.
338 3928 591 3980 Numeros.
627 3928 671 3980 Ῐ.
708 3948 754 3982 e.
785 3926 1070 3999 perfectam
1103 3925 1196 3978 de-

188 4005 482 4059 fensionem.
518 4008 629 4061 Cic.
667 4005 735 4061 de
771 4008 837 4059 N.
880 4008 948 4059 D.
982 4007 1070 4071 11,
1109 4006 1194 4072 13,

188 4083 310 4138 Infr.
340 4087 509 4154 vul,
535 4106 565 4157 7
588 4129 601 4141 .
632 4093 685 4141 6.
715 4090 850 4140 Ante
882 4086 1030 4157 Pigh.
1057 4085 1195 4156 lege·

187 4162 330 4219 lutm-
355 4184 369 4218 :
398 4180 635 4241 motusque
660 4188 817 4221 omnes
840 4187 897 4220 ac
923 4186 1085 4221 nervos
1111 4167 1194 4219 de-

1373 3125 1425 3180 5.
1476 3125 1545 3180 G.
1575 3147 1692 3179 vero
1722 3127 1955 3193 Afrania.
2006 3126 2318 3181 Praenomen

1292 3205 1352 3258 C.
1376 3244 1392 3268 ‚
1415 3207 1500 3258 vel
1524 3203 1594 3258 G.
1612 3245 1626 3270 ,
1651 3207 1734 3258 vel
1761 3203 1920 3271 Gaia,
1946 3218 2111 3259 exstat
2136 3206 2315 3259 saltem

1287 3285 1343 3336 in
1362 3284 1545 3338 decem
1560 3285 1713 3338 MSS.
1735 3286 1982 3338 Torrenii
2000 3299 2052 3339 et
2070 3288 2326 3342 omnibus

1287 3365 1504 3418 vetustis
1529 3363 1650 3417 edd.
1672 3365 1736 3417 In
1755 3364 1882 3418 edit.
1903 3377 2008 3418 vet.
2030 3378 2108 3420 est
2134 3367 2314 3435 Cast-a-

1286 3448 1398 3507 m'a,
1456 3445 1534 3497 uti
1586 3441 1729 3516 apud
1775 3444 2066 3516 Ulpianum
2121 3447 2176 3499 in
2221 3447 2316 3499 Di·

1283 3525 1470 3598 gestis,
1502 3525 1594 3577 ubi
1638 3525 1868 3577 Alciatus
1908 3537 2048 3579 recte
2086 3526 2213 3598 legit
2247 3525 2309 3580 C.

1285 3607 1519 3674 Afrania.
1557 3605 1888 3658 Praenomina
1921 3625 2056 3677 saepe
2081 3623 2206 3659 cum
2232 3626 2311 3660 se·

1284 3685 1568 3756 quentibus
1608 3684 1912 3738 nominibus
1953 3686 2202 3739 coaluisse
2233 3685 2312 3740 in·

1284 3778 1365 3818 ter
1378 3764 1505 3817 alios
1522 3765 1730 3836 egregie
1745 3764 2126 3819 demonstravit
2139 3766 2306 3820 Per-iz.

1180 3863 1181 3868 ¹
1283 3843 1562 3899 Animadv.
1580 3844 1716 3898 Hist.
1742 3866 1795 3918 p.
1821 3845 1951 3908 455.
1977 3845 2062 3898 Sic
2085 3849 2310 3916 Agelle‘us

1280 3945 1382 3996 pro
1398 3927 1467 3979 A.
1499 3924 1704 3979 Gellius.
1722 3957 1800 3968 —-
1818 3927 1971 3980 Fecit.
1999 3928 2062 3979 Α.
2081 3927 2151 3979 U.
2176 3946 2246 3998 70
2257 3928 2292 3981 5
2297 3967 2314 3982 .

1365 4009 1415 4059 6.
1447 4003 1788 4075 Dqficiebatur.
1818 4005 2225 4061 Destituebatur.

1364 4105 1416 4156 7.
1447 4086 1742 4140 latratibus.
1771 4085 1933 4139 Unde
1949 4098 2004 4140 et
2021 4084 2158 4139 illud
2184 4086 2308 4141 Ovi-

1281 4164 1358 4219 dii
1380 4184 1393 4218 τ
1412 4167 1574 4220 verba
1603 4166 1790 4224 canina
1811 4177 1922 4219 toto
1951 4165 2068 4220 foro
2092 4169 2304 4240 jactare.
