3143 5204
744 461 878 533 138
1111 463 1551 531 VALERII
1613 462 2024 530 MAXIMI
2083 464 2273 530 LIB.
2332 466 2470 533 IX.

729 621 931 690 quum
987 593 1310 689 palmata¹
1354 609 1536 664 veste
1582 596 1892 664 convivia
1943 591 2357 681 celebrabat,
2414 596 2862 690 demissasque

731 702 1148 772 lacunaribus
1196 724 1429 771 aureas
1477 726 1758 771 coronas
1799 699 1982 769 velut
2022 699 2261 771 caelesti
2314 704 2529 796 capite
2578 706 2860 798 recipie-

733 808 890 878 bat?
920 811 1008 878 Et
1041 807 1155 877 ubi
1192 808 1356 879 ista?
1395 834 1529 878 non
1566 812 1634 877 in
1665 809 1960 894 Graecia,
1997 832 2211 901 neque
2244 810 2312 877 in
2350 811 2534 896 Asia,
2577 835 2861 904 quarum

732 914 989 984 luxuri'a
1044 917 1357 985 severitas
1403 917 1543 1010 ipsa
1583 916 1924 1009 corrumpi
1972 929 2266 1010 poterat3
2306 915 2421 985 sed
2469 918 2535 984 in
2594 916 2864 986 horrida

734 1038 800 1091 ct
835 1021 1142 1092 bellicosa
1183 1022 1586 1117 provincia²,
1623 1048 1829 1117 quum
1867 1023 2226 1117 praesertim
2261 1024 2621 1092 acerrimus
2660 1024 2869 1093 hostis

733 1131 1097 1216 SertoriuS,
1149 1154 1579 1199 romanorum
1627 1131 2035 1199 exercituum
2090 1128 2318 1199 oculos
2367 1128 2663 1211 lusitanis
2722 1129 2870 1199 telis

734 1237 1239 1331 perstringeret:
1272 1237 1438 1306 adeo
1474 1236 1564 1306 illi
1599 1221 1846 1332 patris³
1879 1238 1977 1305 sui
2014 1236 2349 1305 numidica
2383 1252 2595 1306 castra
2619 1236 2872 1306 excide-

739 1340 917 1412 rant!
947 1347 1134 1413 Patet
1165 1345 1398 1438 igitur,
1425 1369 1626 1438 quam
1654 1343 1848 1413 celeri
1877 1343 2157 1413 transitu
2194 1332 2486 1413 luxuria⁴
2510 1344 2875 1428 affluxerit3

739 1474 891 1519 nam
923 1452 1110 1545 cujus
1145 1450 1581 1522 adolescentia
1628 1453 1878 1546 priscos
1915 1475 2134 1520 mores
2175 1450 2378 1538 vidit,
2419 1465 2720 1520 senectus
2754 1476 2873 1519 no·

741 1583 861 1627 vos
893 1582 1045 1628 orsa
1082 1573 1196 1627 est.

850 1691 922 1762 6.
985 1692 1362 1761 Consimilis
1423 1694 1700 1761 mutatio
1760 1695 1826 1760 in
1884 1691 2086 1761 domo
2138 1692 2507 1760 Curionum
2570 1676 2876 1760 exstitit⁵.

742 1799 1076 1892 Siquidem
1122 1784 1380 1868 forum⁶
1424 1813 1726 1868 nostrum
1770 1813 1837 1867 et
1879 1786 2085 1893 patris
2130 1799 2594 1893 gravissimum
2639 1822 2879 1892 super-

745 1905 1002 1991 cilium,
1045 1920 1112 1975 et
1147 1905 1262 1974 filii
1301 1907 1662 1997 sexcenties
1707 1908 2075 1976 sestertium
2119 1907 2264 1974 aeris
2307 1902 2501 1973 alieni
2544 1904 2883 1999 adspexit,

746 2027 1158 2082 contractum
1198 2014 1451 2082 famosa
1491 2012 1727 2106 injuria
1773 2011 2090 2082 nobilium
2122 2012 2468 2105 juvenum.
2503 2014 2739 2105 Itaque
2769 2036 2881 2079 eo-

745 2119 894 2188 dem
937 2135 1266 2214 tempore,
1295 2136 1362 2190 et
1399 2123 1467 2189 in
1502 2119 1732 2189 iisdem
1764 2119 2113 2214 penatibus
2141 2118 2403 2187 diversa
2439 2117 2659 2187 secula
2696 2117 2884 2186 habi-

747 2241 1002 2312 tarunt,
1049 2226 1560 2324 frugalissimum
1606 2225 1923 2315 alterum,
1960 2224 2241 2295 alterum
2280 2225 2776 2320 nequissimum.

861 2386 927 2456 7.
960 2365 1029 2431 P.
1072 2377 1291 2431 autem
1328 2361 1545 2432 Clodii
1570 2360 1926 2455 judicium⁷
1956 2375 2202 2455 quanta
2236 2359 2492 2428 luxuria
2520 2375 2587 2428 et
2615 2357 2889 2427 libidine

753 2468 1160 2538 abundavit?
1209 2471 1276 2536 in
1331 2494 1464 2564 quo
1515 2483 1591 2537 ut
1643 2467 1982 2537 evidenter
2034 2468 2261 2536 incesti
2313 2468 2587 2536 crimine
2641 2491 2891 2535 nocens

754 2600 904 2645 reus
946 2574 1440 2657 absolveretur,
1490 2589 1718 2645 noctes
1762 2590 2218 2645 matronarum
2265 2589 2333 2644 et
2374 2573 2893 2644 adolescentium

755 2681 1104 2770 nobilium,
1130 2707 1372 2777 magna
1417 2707 1676 2752 summa
1709 2697 1976 2779 emptae,
2022 2682 2343 2751 mercedis
2374 2679 2523 2752 loco
2559 2680 2895 2775 judicibus

843 2891 864 2923 1
877 2912 891 2924 .
910 2873 1158 2926 Palmam.
1179 2873 1397 2926 Intextis
1417 2873 1605 2944 palmis
1626 2891 1639 2926 ε
1668 2892 1779 2926 non

756 2952 933 3004 tunica
952 2988 970 3012 ‚
1018 2950 1109 3005 sed
1155 2966 1274 3023 toga
1312 2952 1472 3019 adeo,
1522 2971 1642 3024 quae
1681 2953 1783 3006 fuit

757 3032 1199 3103 triumphantium
1227 3034 1447 3104 insigne.
1475 3035 1543 3085 V.
1570 3035 1688 3085 Liv.
1714 3035 1783 3099 X;

762 3112 986 3165 Martial.
1018 3114 1155 3176 vll,
1194 3134 1243 3166 1.
1272 3146 1353 3157 —-
1377 3115 1620 3166 Dentis-sas
1647 3115 1782 3165 lacu-

764 3192 971 3246 naribus.
989 3192 1263 3246 Sallustius
1275 3193 1412 3246 Hist.
1433 3214 1455 3247 1
1473 3212 1494 3247 1
1509 3236 1521 3248 .
1540 3196 1784 3246 Proeteoea

764 3291 905 3343 quum
922 3274 1104 3326 sedenti
1126 3287 1382 3326 transenna
1405 3274 1658 3327 demissum
1678 3278 1785 3327 vic·

767 3356 903 3404 torioe
927 3355 1229 3406 simulacrum
1254 3375 1360 3407 cum
1379 3357 1650 3408 machinato
1665 3368 1790 3408 stre-

759 3438 868 3503 pitu
911 3437 1166 3487 tonitruum
1186 3477 1200 3496 ,
1246 3454 1467 3488 coronam
1516 3439 1665 3507 capiti
1706 3439 1791 3487 im·

761 3514 986 3584 ponebat.

850 3613 901 3648 α.
932 3595 1206 3647 Ρωνίπεὶα.
1234 3594 1501 3667 Hispania.

853 3677 903 3729 3.
930 3676 1117 3728 Patris.
1130 3674 1562 3747 QuiJugunham
1583 3694 1793 3747 supera·

772 3768 930 3809 verat.
955 3788 1034 3798 —-
1060 3756 1253 3809 Castra.
1286 3757 1577 3828 Disciplina
1602 3756 1795 3808 milita·

769 3836 842 3888 ris
868 3855 897 3888 a
924 3836 1133 3889 luxuria
1155 3837 1310 3907 plane
1329 3837 1514 3889 aliena.

853 3923 904 3979 4.
929 3916 1143 3969 Luxuria
1157 3918 1423 3987 affluxerit.
1454 3917 1658 3988 Nempe
1681 3916 1795 3968 Me-

772 3996 924 4048 tellus
939 4035 955 4061 ,
978 4016 1100 4050 nam
1123 3998 1316 4049 latmia
1330 4010 1408 4050 est
1424 4016 1574 4050 casus
1594 4009 1765 4048 sextus
1780 4035 1796 4058 ,

775 4076 1081 4147 neutiquam
1104 4078 1306 4149 primus
1323 4117 1337 4141 ,
1364 4092 1423 4130 ut
1439 4091 1583 4147 patet
1606 4097 1667 4129 ex
1685 4097 1790 4147 seq.

859 4155 908 4207 5.
945 4157 1166 4211 Exstitit.
1189 4158 1379 4211 Cicero
1398 4157 1453 4210 in
1472 4159 1649 4223 Brut.;
1672 4157 1796 4210 Plu-

1870 2873 2035 2926 tarch.
2053 2874 2109 2925 in
2127 2874 2287 2939 (Ἆπις
2306 2875 2533 2945 Appian.
2547 2874 2664 2928 civ.
2685 2892 2714 2924 ι
2732 2893 2750 2938 3
2766 2875 2898 2926 Dio·

1868 2973 1986 3024 nys.
2025 2961 2118 3015 40.
2148 2956 2208 3005 A.
2238 2954 2309 3006 U.
2342 2955 2475 3007 ,cix-c.
2516 2971 2651 3024 700.
2693 2954 2899 3019 Curio,

1870 3031 1937 3087 ad
1963 3052 2123 3104 quem
2153 3033 2267 3086 Cic.
2290 3034 2490 3088 litteras
2516 3033 2699 3099 dedit,
2724 3045 2903 3105 patoes

1870 3113 2057 3166 habuit
2068 3113 2565 3168 continentissimus.
2582 3115 2706 3186 Ipse
2724 3115 2903 3185 primo

1872 3194 1995 3246 trib.
2010 3191 2083 3263 pl.
2097 3194 2289 3247 Caesari
2303 3193 2725 3262 restitit3deinde
2733 3213 2901 3265 quum

1873 3273 2139 3327 luxuriose
2160 3273 2390 3328 vivendo
2411 3274 2526 3328 aeris
2547 3276 2705 3329 alieni
2730 3275 2904 3346 pluri·

1874 3371 2019 3406 mum
2037 3356 2380 3409 contraxisset
2396 3397 2411 3421 ,
2440 3355 2518 3408 illi
2546 3356 2698 3409 facile
2719 3354 2902 3408 conci-

1873 3435 2033 3487 liatus
2057 3447 2153 3487 est.

1960 3519 2013 3568 6.
2050 3515 2248 3567 Forum.
2278 3516 2433 3569 Cives
2459 3516 2697 3580 romani,
2730 3515 2905 3568 conti-

1878 3614 2009 3647 nens
2023 3614 2123 3666 pro
2135 3608 2402 3649 contento.
2414 3596 2750 3648 -Juvenum
2767 3594 2900 3646 Hos.

1878 3675 2071 3746 quibus
2095 3677 2426 3740 abuteretur,
2456 3676 2763 3728 muneribus
2788 3693 2904 3727 cor-

1878 3757 2044 3827 rupit.
2076 3757 2348 3828 Praecipue
2387 3757 2648 3828 respicere
2695 3754 2909 3808 videtur

1878 3849 2065 3889 auctor
2078 3835 2144 3889 ad
2160 3837 2408 3889 infamem
2422 3855 2656 3889 amorem
2671 3835 2909 3888 Caesonis

1881 3935 2001 3986 erga
2034 3911 2356 3982 Antonium,
2403 3916 2473 3970 de
2512 3936 2621 3988 quo
2660 3915 2910 3987 inprimis

1885 3997 2058 4050 Cicer.
2081 3996 2217 4049 Phil.
2239 3998 2322 4056 11,
2357 4017 2377 4050 1
2393 4002 2444 4053 8.

1967 4097 2018 4147 7.
2050 4078 2308 4131 Iudicium.
2348 4079 2472 4144 Quo
2514 4097 2542 4130 a
2572 4077 2777 4130 Milone
2811 4075 2914 4128 fuit

1885 4171 2183 4222 accusatus,
2220 4158 2364 4230 quod
2401 4178 2543 4212 sacra
2592 4159 2751 4210 Bonae
2791 4159 2913 4209 Deae
