3143 5204
487 533 697 600 cAP.
757 533 820 617 1,
874 532 1009 598 DE
1067 530 1557 598 LuxumA
1614 532 1737 597 ET
1794 531 2110 600 LIBID.
2221 538 2348 618 ιζ..

240 663 583 732 bescendis
619 662 915 731 cladibus
954 660 1432 757 implicarunt¹.
1474 664 1637 731 Erat
1666 661 2013 758 opulenta,
2049 681 2190 735 erat
2222 693 2361 735 mo-

242 770 419 839 ribus
459 785 527 838 et
565 769 817 864 legibus
853 768 1155 857 ornata²,
1193 769 1518 838 Hetruriae
1560 784 1761 864 caput
1809 771 2203 843 habebatur:
2248 777 2362 843 sed

239 891 591 972 postquam
630 875 884 944 luxuria
916 874 1221 970 prolapsa
1257 891 1393 962 est,
1429 877 1494 943 in
1532 875 1993 969 profundum
1976 880 2359 972 injuriarum

239 998 301 1051 et
354 982 785 1078 turpitudinis
847 981 1126 1067 decidit,
1183 997 1256 1050 ut
1320 1006 1662 1051 servorum
1718 1008 1787 1051 se
1848 984 2364 1056 insolentissimae

238 1090 671 1159 dominationi
707 1089 1095 1184 subjiceret;
1134 1074 1284 1182 qui³
1321 1090 1609 1207 primum
1648 1088 2004 1162 admodum
2043 1094 2239 1185 pauci
2274 1120 2366 1163 se-

239 1198 569 1265 natorium
600 1195 896 1265 ordinem
936 1199 1181 1264 intrare
1216 1197 1390 1278 ausi,
1428 1220 1583 1264 mox
1614 1196 1986 1266 universam
2017 1200 2364 1293 rempubli-

239 1328 380 1371 cam
425 1317 939 1398 occupaverunt.
976 1304 1393 1371 Testamenta
1432 1302 1515 1370 ad
1549 1302 1892 1372 arbitrium
1932 1330 2125 1374 suum
2165 1308 2359 1376 scribi

228 1410 592 1502 jubebant,
629 1411 933 1479 convivia
969 1420 1309 1526 coetusque
1352 1410 1792 1503 ingenuorum
1830 1410 1973 1479 fieri
2016 1412 2361 1495 vetabant,

235 1515 399 1585 filias
451 1516 873 1585 dominorum
928 1518 995 1584 in
1052 1516 1540 1584 matrimonium
1606 1515 1957 1585 ducebant.
2023 1521 2362 1591 Postremo

236 1622 379 1717 lege
418 1638 814 1710 sanxerunt,
856 1638 930 1693 ut
965 1636 1194 1717 stupra
1231 1645 1348 1690 sua
1387 1623 1452 1690 in
1491 1621 1702 1691 viduis
1743 1624 1988 1717 pariter
2021 1649 2100 1694 ac
2144 1628 2364 1722 nuptis

239 1731 563 1823 impunita
589 1745 837 1812 essent;
867 1755 944 1799 ac
973 1754 1055 1797 ne
1084 1752 1214 1823 qua
1237 1730 1433 1846 virgo
1461 1730 1753 1822 ingenuo
1772 1718 2037 1799 nubei
2024 1747 2137 1818 et
2171 1733 2358 1827 cujus

235 1838 603 1906 castitatem
639 1861 773 1905 non
798 1851 951 1906 ante
981 1860 1063 1904 ex
1092 1860 1373 1903 numero
1400 1836 1696 1930 ipsorum
1729 1834 1964 1931 aliquis
1993 1838 2358 1909 delibasset.

344 1941 409 2013 3.
469 1945 644 2039 Age,
681 1928 974 2012 Xerxes⁵
1013 1968 1215 2037 opum
1256 1943 1585 2035 regiarum
1624 1945 2064 2014 ostentatione
2091 1948 2363 2031 eximia,

236 2074 311 2117 eo
355 2074 565 2143 usque
601 2049 859 2118 luxuria
894 2049 1221 2145 gaudenS,
1260 2062 1334 2116 ut
1368 2047 1586 2117 edicto
1625 2052 1967 2143 praemium
2015 2054 2074 2127 ei
2110 2078 2361 2147 propo-

235 2171 449 2243 neret,
480 2158 593 2251 qui
624 2180 872 2225 novum
893 2155 1250 2250 voluptatis
1268 2179 1477 2248 genus
1495 2158 1876 2248 reperisset,
1900 2172 2177 2251 quanta,
2202 2160 2357 2230 dum

236 2261 478 2331 deliciis
508 2264 723 2332 nimiis
755 2265 1045 2358 capitur,
1075 2259 1458 2356 amplissimi
1491 2262 1746 2355 imperii
1779 2265 1968 2332 ruina
1997 2264 2250 2335 evasit?

341 2373 405 2453 4.
466 2369 833 2439 Antiochus
878 2394 1141 2464 quoque
1179 2369 1380 2461 Syriae
1419 2391 1531 2435 rex
1581 2366 1789 2436 nihilo
1826 2360 2362 2442 continentioris⁶

236 2474 514 2570 exempli
567 2502 582 2543 ε
639 2476 826 2569 cujus
871 2499 1111 2546 caecam
1168 2488 1235 2542 et
1282 2488 1613 2542 amentem
1660 2472 1983 2543 luxuriam
2039 2481 2363 2548 exercitus

319 2699 367 2733 1.
394 2682 719 2752 Impliearunt.
749 2682 813 2731 A.
836 2680 907 2732 U.
936 2680 1066 2742 4²8.
1093 2678 1246 2731 Oros.
1338 2690 1511 2730 tamen
1539 2675 1608 2730 de
1631 2677 1728 2730 hac
1755 2678 1982 2731 luxuria.
2009 2678 2114 2732 Sed
2144 2681 2358 2735 Glarea-

237 2761 331 2824 IV,
352 2761 414 2824 53
435 2763 689 2824 Zonaras;
710 2760 853 2812 Flor.
872 2760 897 2810 l
909 2798 924 2823 ,
949 2778 974 2810 a
993 2778 1014 2811 1
1033 2778 1050 2824 ς
1069 2759 1249 2812 Aurei.
1336 2776 1436 2810 nus
1453 2771 1607 2828 putat
1619 2758 1892 2811 Valerium
1908 2757 1976 2811 de
1994 2760 2170 2813 Xerxe
2188 2763 2355 2815 altero

240 2840 371 2894 via.
403 2842 498 2894 36.

314 2941 364 2974 a.
404 2922 617 2974 Ornata.
662 2921 796 2981 Alii,
831 2919 1089 2981 ordinata,
1133 2919 1167 2970 i.
1198 2936 1247 2970 e.

235 3002 530 3055 constituta.
570 2999 729 3067 Quod
774 2999 1067 3070 praetulerit
1101 2999 1248 3069 Kap-

235 3082 363 3152 pins.
381 3114 464 3123 —
488 3081 667 3151 Caput.
693 3081 819 3132 Tria
842 3085 1002 3150 capita
1021 3077 1250 3131 Etruria

233 3161 430 3233 antiqui
465 3180 575 3215 esse
607 3161 893 3213 voluerunt
924 3177 939 3211 :
974 3159 1212 3212 Aretium
1229 3195 1246 3221 ‚

234 3241 503 3294 Petusium
529 3254 583 3294 et
608 3240 853 3292 Volsinii.

308 3323 360 3376 3.
385 3323 506 3392 Qui.
526 3318 795 3374 Videntur
806 3320 863 3372 hi
878 3319 1036 3372 fuisse
1051 3318 1248 3382 liberti,

232 3420 390 3472 quum
431 3413 672 3454 senatum
710 3402 1002 3470 intrarent,
1035 3411 1094 3450 ut
1124 3398 1249 3452 satis

232 3494 367 3551 pztet
395 3500 463 3534 ex
492 3481 668 3534 Floro.
700 3481 759 3545 1,
798 3497 888 3532 αι.

307 3569 357 3624 4.
400 3562 634 3631 Ingenuo.
672 3560 832 3612 Multi
873 3563 1096 3627 ingenua.
1141 3556 1247 3610 Sed

231 3641 516 3694 Torrenius
538 3646 742 3710 ingenuo
766 3638 1143 3710 significantius
1162 3640 1246 3707 ju·
1261 3699 1276 3718 κ

230 3719 389 3784 dicat3
418 3734 479 3774 ut
504 3719 888 3789 subintelligas,
909 3719 1021 3789 ejus
1036 3718 1245 3769 castita·

229 3814 328 3854 tem
343 3820 455 3854 non
471 3801 628 3854 fuisse
641 3799 924 3852 delibatam
937 3838 952 3862 ,
967 3797 1008 3850 si
1027 3797 1247 3849 nuberet

231 3883 316 3932 nni
341 3902 404 3934 ex
427 3899 704 3934 servorum
728 3897 969 3931 numero.

309 3964 357 4015 5.
375 3964 438 4013 Χ
434 3981 587 4014 erres.
609 3959 810 4012 Omnes
823 3957 891 4011 de
906 3958 1083 4009 Xerxe
1098 3955 1242 4008 Darii

233 4041 335 4095 mio
365 4043 477 4094 hec
518 4041 852 4110 intelligunt,
882 4037 950 4090 de
980 4039 1130 4107 cujus
1157 4055 1244 4087 su-

235 4122 402 4188 perbia
434 4160 450 4182 ,
516 4119 812 4190 arrogantia
857 4131 910 4171 et
963 4114 1246 4187 tyrannide

235 4219 388 4270 quum
402 4201 566 4253 inulta
577 4197 877 4252 Herodotus
886 4198 1096 4259 scribat,
1112 4195 1246 4247 nihil

1332 2837 1481 2908 loqui
1505 2875 1522 2902 ‚
1562 2838 1656 2909 qni
1698 2838 1801 2890 fuit
1835 2851 2051 2893 octavus
2081 2842 2352 2895 Persarum

1334 2936 1426 2970 rex
1465 2931 1585 2988 post
1622 2919 1841 2988 Cyrum.
1876 2952 1954 2962 —
1979 2921 2196 2974 Eximia.
2228 2923 2353 2975 vid.

1335 2997 1448 3050 Cic.
1478 2998 1635 3050 Tusc.
1668 2998 1752 3063 V,
1792 3017 1846 3068 7.
1876 3031 1954 3041 —-
1988 2999 2236 3056 Gaudetis.
2269 3004 2357 3057 Sic

1333 3077 1628 3130 Torrenius
1651 3080 1910 3148 reposuit,
1933 3093 2107 3134 motus
2119 3080 2356 3154 disputa·

1332 3156 1479 3209 tione
1496 3157 1787 3224 Perizonii,
1809 3171 1862 3211 et
1876 3162 2183 3214 auctoritate
2200 3163 2354 3218 MSS.

1334 3236 1552 3306 Pighius
1582 3249 1635 3289 et
1661 3237 1750 3289 alii
1781 3237 2062 3292 ediderunt
2090 3244 2350 3310 gaudebat.

1333 3328 1386 3368 et
1409 3330 1527 3387 post
1555 3321 1799 3387 reperisset
1820 3316 2215 3375 distinctionem
2245 3343 2355 3377 ma-

1334 3395 1528 3447 ximam
1564 3409 1874 3467 posuerunt.
1907 3430 1987 3440 --
2026 3401 2204 3456 Ruina.
2245 3406 2351 3469 Qui

1335 3475 1585 3546 Neptuno
1601 3477 1635 3528 J
1637 3476 1831 3547 ovique
1851 3490 2058 3532 catenas
2078 3480 2352 3553 imponere

1332 3555 1563 3609 minatus
1581 3569 1714 3617 erat,
1738 3556 1886 3609 brevi
1904 3559 2014 3611 sere
2031 3563 2209 3614 omnia
2228 3565 2354 3616 ami·

1332 3636 1419 3688 sit.
1445 3637 1643 3689 Confer
1669 3634 1737 3688 de
1768 3655 1834 3688 eo
1866 3637 2106 3693 Ciceron.
2133 3642 2355 3699 Tuscul.

1333 3716 1405 3779 V,
1431 3735 1482 3785 7,
1511 3728 1566 3768 et
1591 3717 1669 3769 De
1690 3715 1821 3787 legg.
1850 3717 1928 3773 11.
1963 3738 2044 3772 10.

1413 3799 1467 3848 6.
1493 3796 1877 3849 continentioris.
1898 3797 2143 3870 Plerique
2156 3814 2356 3855 contem-

1335 3879 1488 3939 teor-125,
1498 3876 1581 3927 vel
1591 3879 1909 3928 contemtoris.
1923 3878 2077 3933 Male.
2091 3912 2169 3922 —-
2180 3883 2356 3934 Exem-

1326 3956 1416 4024 pli.
1451 3957 1555 4008 An.
1585 3956 1654 4008 U.
1694 3958 1806 4009 625
1849 3957 1974 4009 circ.
2012 3960 2207 4013 Justin.
2240 3963 2353 4029 38;

1333 4035 1448 4088 Liv.
1484 4037 1626 4087 LIX.
1647 4035 1793 4102 Quid
1810 4036 2069 4089 Hannibal
2090 4038 2158 4091 de
2178 4042 2353 4112 splen-

1334 4112 1463 4166 dido
1493 4116 1741 4168 Antiochi
1769 4116 1997 4169 exercitu
2025 4117 2247 4186 dixerit,
2266 4143 2356 4176 ne.

1337 4196 1530 4246 minem
1561 4196 1708 4265 fugit.
