3143 5204
773 485 906 531 122
1071 462 1521 529 VALERII
1579 460 1989 529 ΜΑΧΙΜΙ
2047 458 2233 529 LIB.
2290 462 2516 530 VIII.

869 590 934 662 3.
976 594 1205 687 Regis,
1241 606 1310 660 et
1335 591 1633 684 juveniS,
1676 590 2192 684 flagrantissimae
2226 592 2569 685 cupiditati
2603 593 2881 662 similem

760 696 1127 768 Aristotelis
1158 700 1227 767 in
1255 697 1655 791 capessenda
1686 694 1879 765 laude
1910 695 2085 766 sitim
2120 696 2503 766 subnectam
2524 698 2574 786 ¹;
2615 702 2668 768 is
2695 725 2879 767 nam-

760 830 889 900 que
923 804 1286 875 Theodecti
1335 802 1658 898 discipulo
1699 804 2001 873 oratoriae
2042 804 2200 873 artis
2241 802 2480 889 libros,
2525 830 2692 900 quos
2730 806 2884 877 ede·

761 927 864 982 ret
881 961 900 997 ,
947 911 1313 981 donaverat
1331 963 1351 997 ,
1386 908 1789 1005 molesteque
1824 924 2052 1004 postea
2089 910 2306 979 ferens
2342 909 2606 981 titulum
2648 937 2884 981 eorum

761 1020 853 1087 sic
895 1016 1004 1087 alii
1047 1019 1348 1105 cessisse,
1385 1017 1657 1112 proprio
1696 1014 2032 1086 volumine
2065 1016 2457 1111 quibusdam
2494 1018 2693 1088 rebus
2730 1018 2886 1088 insi-

763 1140 971 1212 stens,
999 1126 1285 1220 planius
1310 1123 1446 1193 sibi
1465 1123 1553 1193 de
1586 1123 1691 1193 his
1716 1129 1789 1193 in
1826 1123 2220 1194 Theodectis
2246 1123 2434 1194 libris
2458 1124 2714 1195 dictum
2737 1149 2891 1195 esse

762 1232 1019 1325 adjecit.
1060 1232 1202 1301 Nisi
1235 1242 1346 1300 me‘
1378 1244 1578 1301 tantae
1614 1244 1682 1299 et
1716 1244 1851 1299 tam
1884 1228 2014 1300 late
2050 1232 2334 1324 patentis
2365 1233 2655 1302 scientiae
2696 1255 2889 1302 vere-

764 1338 1004 1408 cundia
1029 1353 1312 1426 teneret,
1339 1336 1627 1408 dicerem
1657 1336 1931 1432 dignum
1962 1336 2464 1431 philosophum,
2481 1340 2671 1433 cujus
2687 1340 2891 1408 stabi-

765 1444 962 1513 liendi
1007 1469 1226 1514 mores
1268 1442 1516 1514 altioris
1556 1445 1760 1513 animi
1808 1442 2207 1538 philosopho
2251 1445 2691 1515 traderentur.
2735 1447 2891 1515 Cae-

765 1566 981 1621 terum
1033 1548 1242 1645 gloria
1300 1576 1386 1620 ne
1441 1552 1526 1620 ab
1566 1551 1669 1620 his
1713 1550 1978 1644 quidem
2006 1605 2025 1638 ‚
2077 1552 2192 1645 qui
2236 1566 2693 1647 contemptum
2746 1552 2895 1645 ejus

765 1657 1186 1728 introducere
1230 1672 1588 1746 conantur,
1631 1655 1989 1753 negligitur
2007 1711 2028 1745 ,
2066 1658 2380 1751 quoniam
2423 1657 2689 1753 quidem
2733 1659 2895 1753 ipsis

764 1762 1209 1834 voluminibus
1259 1766 1529 1838 nomina
1579 1789 1697 1835 sua
1740 1762 2087 1858 diligenter
2138 1763 2492 1859 adjiciunt'
2515 1815 2535 1847 ,
2584 1778 2660 1832 ut
2711 1765 2893 1858 quod

768 1870 1177 1964 professione
1222 1868 1517 1959 elevant,
1565 1872 1995 1965 usurpatione
2047 1872 2381 1940 memoriae
2418 1885 2894 1966 assequantur3

767 1977 882 2046 sed
931 1976 1403 2073 qualiscunque
1455 1979 1698 2048 horum
1755 1975 2187 2046 dissimulatio
2233 1980 2573 2074 proposito
2629 1975 2893 2047 illorum

766 2082 961 2179 longe
1007 2071 1448 2155 tolerabilior³
1501 2100 1643 2173 est,
1697 2085 1811 2179 qui
1832 2133 1851 2168 ,
1915 2082 2074 2152 dum
2130 2097 2443 2155 aeternam
2505 2085 2894 2153 memoriam

766 2205 1303 2286 assequerentur,
1353 2193 1553 2262 etiam
1601 2189 1956 2261 sceleribus
1996 2192 2407 2262 innotescere
2450 2216 2586 2262 non
2625 2189 2895 2260 dubita·-

695 2344 698 2345 ν
767 2312 939 2368 runt

874 2407 946 2490 4.
969 2405 1300 2494 Quorum
1336 2431 1376 2474 e
1414 2430 1696 2475 numero
1734 2406 1958 2474 nescio
2004 2428 2091 2473 an
2136 2406 2203 2473 in
2242 2404 2471 2500 primis
2506 2390 2898 2473 Pausanias⁴

769 2512 1008 2580 debeat
1042 2512 1317 2598 referri3
1353 2535 1506 2580 nam
1542 2511 1705 2580 dum
1743 2496 2199 2580 Hermoclem⁵
2236 2524 2662 2606 percontatus
2694 2523 2901 2596 esset,

768 2643 1070 2711 quonam
1116 2617 1320 2687 modo
1373 2618 1597 2687 subito
1637 2619 1869 2688 clarus
1908 2634 2149 2713 posset
2196 2619 2481 2687 evadere
2502 2619 2541 2686 Ρ
2597 2631 2795 2712 atque
2847 2618 2902 2686 is

773 2724 1246 2819 respondisset,
1274 2730 1341 2794 si
1364 2726 1689 2794 illzutrem
1714 2730 1934 2794 vir-mn
1962 2727 2259 2820 aliquem
2287 2724 2677 2810 occidisset,
2687 2722 2903 2815 fictu-

772 2837 918 2901 ‘rum
945 2847 1020 2900 ut
1043 2832 1276 2925 gloria
1308 2830 1458 2923 ejus
1494 2831 1601 2901 ad
1626 2835 1845 2925 ipsum
1880 2831 2297 2902 redundaret
2317 2858 2338 2900 .-
2375 2832 2691 2902 continuo
2736 2829 2903 2899 Phi-

860 3043 907 3076 1.
931 3023 1231 3076 Subnectam.
1257 3023 1387 3095 Ejus
1408 3025 1569 3078 verba
1590 3035 1795 3077 exstant
1962 3022 2553 3088 4.Pausam'as.Diodor.
2569 3022 2676 3077 Sic.
2691 3033 2745 3075 et
2759 3021 2907 3076 Plut.

775 3104 829 3155 in
865 3102 1132 3174 principio
1169 3103 1371 3157 rhetor.
1409 3101 1477 3157 ad
1504 3102 1790 3158 Alexandr.
1882 3104 1940 3157 in
1981 3103 2170 3169 Alex.;
2205 3103 2400 3157 sustin.
2444 3103 2541 3156 IX.
2590 3101 2905 3168 Pausanias,

776 3182 889 3237 Cic.
919 3202 1021 3255 pro
1051 3183 1266 3238 Archia.
1880 3182 2075 3236 nobilis
2100 3181 2402 3237 adolescens
2425 3184 2493 3235 ab
2524 3183 2713 3235 Oreste
2733 3181 2908 3252 incly-

857 3283 912 3317 π.
928 3263 1202 3333 Αιῆἱεὶωιε.
1224 3263 1353 3317 Hac
1373 3264 1633 3320 sententia
1655 3283 1687 3317 a
1709 3263 1798 3317 Ci·
1883 3275 1998 3317 tum
2017 3282 2182 3334 genus
2200 3263 2439 3331 uehens,
2453 3280 2802 3334 quumarege
2816 3280 2910 3333 pe·

773 3361 971 3396 cetone
989 3356 1225 3398 mutuata
1249 3341 1478 3398 videtur.
1882 3344 2067 3410 tiisset,
2079 3357 2141 3397 ut
2150 3341 2908 3414 foedamindignitatem‚quam

855 3423 909 3477 3.
943 3424 1273 3477 Tota-abutor.
1297 3424 1409 3490 Qui
1425 3427 1654 3498 pessimo
1669 3441 1799 3495 quo-
1882 3442 2065 3496 passus
2086 3437 2200 3477 erat
2217 3424 2286 3476 ab
2311 3423 2515 3488 Attalo,
2539 3421 2911 3486 ulcisceretur,

773 3502 898 3555 dam
923 3503 1156 3558 facinore
1184 3505 1409 3576 gloriam
1427 3523 1683 3578 usurpare
1704 3522 1797 3559 cu·
1884 3517 1940 3557 et
1972 3502 2177 3558 derisus
2210 3523 2240 3557 a
2270 3502 2520 3575 Philippo
2567 3514 2701 3556 esset
2720 3541 2737 3570 ,
2771 3502 2910 3555 iram

775 3584 1006 3654 pichant.
1025 3584 1302 3639 Transitus
1322 3583 1390 3638 ad
1405 3587 1663 3658 reproba,
1680 3602 1799 3656 qun
1886 3584 1944 3637 in
1973 3584 2120 3638 hunc
2143 3583 2423 3638 convertit.
2457 3583 2627 3653 Magis
2660 3582 2912 3636 incensus

773 3677 1087 3734 sequuntur.
1105 3697 1187 3707 —
1203 3666 1335 3719 Dum
1427 3677 1796 3738 assequerentur.
1884 3683 1983 3736 per
2014 3662 2391 3737 Olympiadem
2425 3676 2478 3716 et
2514 3659 2879 3716 Alexandrum
2894 3700 2913 3727 ‚

775 3744 926 3815 Pigh.
949 3763 1051 3816 pro
1074 3744 1187 3798 dean
1209 3746 1419 3818 scripsit
1439 3745 1722 3811 dummodo,
1745 3758 1800 3798 et
1886 3758 1948 3799 ut
1976 3758 2031 3799 et
2058 3745 2279 3798 illorum
2307 3744 2564 3817 probrum
2594 3740 2913 3806 vindicaret,

775 3843 876 3893 pro
906 3838 1283 3897 assequerentur,
1317 3838 1662 3898 assequantur;
1680 3844 1798 3896 quae
1886 3844 2064 3897 regem
2102 3823 2328 3889 occidit,
2379 3843 2523 3888 ιιοιι,
2553 3835 2614 3875 ιιι
2644 3823 2718 3875 ait
2749 3822 2912 3875 Vale·

777 3916 919 3957 recte
945 3905 1165 3958 Vorstio
1190 3904 1366 3959 minus
1390 3905 1617 3976 placent.
1645 3908 1797 3958 Asse·
1885 3906 2025 3966 rius,
2066 3905 2246 3975 glorio
2284 3902 2607 3975 cupiditate,
2651 3900 2747 3956 sed
2791 3902 2914 3954 vin·

778 3997 1030 4053 querentur
1056 3983 1203 4039 adest
1232 3986 1289 4038 in
1315 3985 1464 4038 MSS.
1496 3999 1550 4039 et
1576 4005 1796 4039 consen-
1885 3984 2039 4040 dictae
2069 3983 2248 4037 studio
2278 3997 2469 4037 motus.

779 4076 990 4116 taneum
1020 4079 1098 4118 est
1126 4067 1290 4119 verbo
1315 4065 1573 4138 preteriti
1599 4079 1798 4137 tempo·
1968 4068 2021 4119 5.
2040 4064 2354 4118 Hermetem.
2370 4064 2504 4129 Alii,
2519 4063 2915 4124 Hennes-ratem,-

777 4143 851 4195 1is
880 4143 1026 4214 quod
1056 4146 1322 4216 sequitur,
1350 4145 1647 4201 dubitarunt.
1887 4147 2023 4199 inter
2049 4164 2188 4215 quos
2214 4165 2277 4210 es
2309 4143 2548 4197 Diodoro
2576 4140 2849 4196 Bradanus.
