3143 5204
619 459 805 529 CAP.
861 461 946 528 V.
1002 461 1126 528 DE
1181 460 1617 529 SUPERBIA
1670 462 1783 528 ET
1837 461 2141 528 IMPOT.
2299 462 2389 531 16

312 593 567 687 lippum
596 591 933 662 consulem
951 646 969 679 ,
999 594 1152 686 quia
1178 590 1506 661 interfari¹
1541 594 2041 662 concionantem
2072 618 2270 662 ausus
2302 595 2438 663 fuc-

313 715 450 786 rat,
492 699 760 769 obtorta
798 698 950 793 gula
971 753 991 786 ,
1031 714 1097 767 et
1133 699 1397 793 quidem
1441 724 1577 767 non
1616 725 1736 794 per
1770 701 2129 787 viatorem,
2172 700 2287 769 sed
2324 727 2444 796 per

315 805 623 875 clientem
672 831 865 876 suum
888 858 907 889 ,
959 805 1125 875 adeo
1168 803 1487 875 violenter
1535 808 1604 873 in
1652 831 1986 875 carcerem
2037 810 2444 902 praecipitem

314 913 565 1006 egisse,
622 928 696 981 ut
743 911 992 982 multus
1041 937 1082 980 a
1129 912 1397 983 naribus
1437 912 1589 1005 ¹ejus
1636 938 1838 982 cruor
1878 913 2442 1008 profunderetur:

315 1042 551 1087 verum
587 1021 823 1105 etiam,
859 1043 1065 1112 quum
1104 1034 1367 1088 senatus
1402 1018 1488 1088 ad
1532 1043 1685 1088 eum
1728 1021 2046 1108 misisset,
2104 1034 2174 1089 ut
2218 1023 2283 1089 in
2322 1046 2447 1089 cu-

317 1128 485 1194 riam
520 1126 776 1193 veniret
810 1151 824 1191 :
874 1127 1108 1216 Quare
1145 1149 1284 1195 non
1305 1132 1582 1220 potius,
1631 1127 1844 1219 inquit
1866 1181 1885 1213 ,
1921 1132 2067 1221 ipse
2100 1132 2170 1195 in
2203 1131 2448 1196 Hosti-

319 1232 484 1299 liam
504 1227 525 1254 ²
556 1236 1016 1326 propinquam
1053 1237 1292 1301 rostris
1305 1286 1326 1317 ,
1368 1232 1447 1300 id
1479 1249 1582 1300 est
1596 1284 1618 1317 ‚
1668 1233 1771 1301 ad
1801 1257 1938 1317 me,
1978 1238 2166 1302 venit
2186 1234 2222 1301 Ρ
2263 1234 2449 1327 Piget

320 1336 602 1429 adjicere
649 1338 830 1431 quod
880 1339 1229 1431 sequitur·
1280 1338 1586 1407 tribunus
1629 1353 1895 1408 senatus
1934 1342 2285 1434 imperium
2326 1340 2447 1409 de-

321 1444 568 1537 spexit3
606 1458 871 1512 senatus
905 1445 1154 1511 tribuni
1191 1439 1410 1573 verb3is
1440 1446 1680 1539 paruit.

431 1546 496 1618 3.
543 1551 668 1618 Cn.
708 1565 926 1618 autem
964 1535 1357 1644 Pompeius³
1396 1574 1592 1642 quam
1636 1546 2022 1619 insolenter!
2065 1553 2177 1644 qui
2215 1551 2454 1621 balneo

321 1679 656 1748 egressuS,
699 1670 851 1724 ante
892 1656 1092 1749 pedes
1133 1682 1286 1725 suos
1321 1670 1730 1750 prostratum
1767 1661 2123 1751 Hypsaeum
2170 1658 2455 1729 ambitus

322 1786 548 1845 reum,
592 1775 657 1829 et
698 1761 986 1830 nobilem
1024 1765 1277 1849 virum,
1315 1778 1380 1830 et
1417 1764 1539 1830 sibi
1579 1765 1900 1848 amicum,
1936 1764 2268 1856 jacentem
2307 1763 2453 1835 reli-

321 1869 498 1961 quit,
553 1868 1030 1937 contumeliosa
1080 1894 1247 1937 voce
1299 1868 1799 1992 proculcatum3
1848 1818 2048 1939 lirilnl
2090 1874 2261 1939 enim
2305 1897 2456 1940 eum

322 1973 525 2042 aliud
543 1999 781 2069 agere,
813 1997 1022 2068 quam
1050 1991 1127 2043 ut
1150 1981 1514 2044 convwz‘um
1537 1998 1732 2044 suum
1756 1994 2157 2063 moraretur,
2196 2002 2456 2073 respon-

323 2079 459 2166 dit3
498 2095 568 2149 et
603 2081 798 2175 hujus
842 2081 1002 2149 dicti
1043 2084 1382 2168 conscius,
1435 2107 1705 2151 securus
1750 2085 1970 2151 animo
2020 2109 2282 2152 coenare
2326 2111 2456 2179 po-

324 2188 488 2254 tuit:
535 2185 642 2255 ille
684 2212 844 2255 vero
897 2188 1092 2255 etiam
1149 2189 1217 2255 in
1269 2189 1415 2257 foro
1463 2212 1599 2256 non
1655 2189 1919 2256 erubuit
1969 2182 2037 2256 P.
2078 2191 2454 2283 Scipionem

324 2279 672 2361 socerum⁴
726 2318 915 2361 suum
970 2292 1225 2388 legibus
1276 2295 1586 2378 noxium,
1647 2317 1808 2388 quas
1859 2297 1997 2388 ipse
2051 2294 2327 2382 tulerat,
2388 2301 2456 2366 in

322 2401 610 2467 maxima
652 2399 917 2492 quidem
950 2424 1216 2468 reorum
1249 2415 1314 2469 et
1343 2398 1693 2468 illustrium
1722 2402 1945 2487 ruina,
1985 2405 2275 2471 muneris
2307 2402 2456 2472 loco

322 2528 364 2571 a
385 2504 720 2597 judicibus
749 2505 1153 2601 deposcere,
1173 2506 1486 2575 maritalis
1515 2506 1667 2576 lecti
1695 2505 2025 2576 blanditiis
2053 2523 2294 2577 statum
2334 2512 2454 2578 rei-

323 2610 606 2706 publicae
643 2614 1090 2707 temperando.

414 2798 435 2832 1
450 2819 460 2829 .
480 2780 730 2846 [mersat-i.
749 2779 836 2832 Sic
851 2798 913 2832 ex
927 2780 1153 2834 Wincb.
1171 2792 1222 2832 et
1233 2780 1348 2834 aliis

1435 2781 1506 2832 ad
1519 2801 1617 2842 me,
1649 2785 1806 2842 venit,
1826 2793 2090 2851 tamquam
2106 2782 2331 2853 glossam
2353 2786 2457 2855 eje·

328 2859 544 2929 Pighius
589 2860 873 2912 revocavit.
917 2857 1058 2911 Vide
1104 2859 1313 2912 Livium
1332 2899 1347 2924 ,

1436 2862 1534 2926 cit,
1560 2861 1740 2914 invitis
1762 2859 1918 2914 codd.

328 2938 594 3002 xxxvl;
628 2938 766 2990 Plin.
797 2939 947 3010 epist.
980 2939 1184 2991 XXIII.
1214 2940 1349 3005 Qui-

327 3017 452 3070 dam
495 3018 809 3088 interpellare.
848 3019 1026 3071 Minus
1075 3020 1227 3071 bene.
1279 3051 1350 3060 —

332 3098 598 3150 Viatorm.
618 3098 737 3163 Qua
751 3098 805 3150 in
819 3117 877 3150 re
893 3097 1136 3151 Valerius
1155 3096 1352 3151 dissen-

329 3177 395 3230 tit
419 3196 448 3229 a
475 3177 650 3234 Flom.

407 3278 458 3310 ο.
491 3257 769 3309 Hostiliam.
792 3257 942 3310 Hanc
962 3257 1250 3311 Hostilium
1274 3275 1353 3309 re-

329 3355 450 3407 gem
477 3334 757 3392 edificasse
789 3337 970 3394 asserit
1002 3338 1202 3402 Varro,
1234 3356 1351 3406 quae

330 3414 560 3470 deinde
543 3435 754 3471 incensa
770 3430 847 3470 est
870 3417 1214 3470 tumultuario
1233 3418 1353 3470 Clo-

329 3493 408 3547 dii
429 3505 579 3567 rugo.
602 3497 668 3548 In
686 3496 868 3550 rostris
887 3515 996 3550 non
1023 3496 1354 3550 habebantur

331 3588 538 3630 tantum
556 3576 867 3641 conciones,
883 3575 976 3630 sed
993 3575 1151 3629 etiam
1174 3563 1355 3629 seden

335 3666 411 3708 tes
455 3656 529 3708 ihi
574 3656 906 3726 magistratus
941 3658 1027 3727 jus
1078 3653 1352 3722 dicebant,

333 3734 742 3806 ferebanturque
764 3733 965 3790 ibidem
993 3733 1261 3788 interdum
1287 3736 1359 3788 le·

333 3833 436 3884 ges.
487 3813 613 3867 Vid.
658 3815 977 3881 Maxumus,
1016 3816 1124 3878 111,
1171 3819 1222 3868 6.
1277 3847 1355 3859 -

336 3895 401 3945 Id
431 3907 535 3956 ese,
567 3895 638 3946 ad
667 3914 772 3960 mo,
796 3899 948 3950 venie.
988 3893 1220 3960 Quidam
1256 3914 1356 3966 pro

336 3973 392 4024 id
420 3986 493 4026 est
520 3974 719 4028 habent
745 3975 900 4036 idam
937 3973 1030 4028 sed
1064 3987 1250 4027 nostra
1280 3975 1356 4027 le·

335 4053 526 4107 ctione
563 4055 802 4126 superba:
844 4055 988 4108 vocis
1029 4055 1186 4108 Drusi
1219 4053 1359 4108 indi·

337 4134 510 4201 gnitas
531 4134 698 4205 magis
723 4136 908 4188 elucet.
934 4134 1155 4206 Colerus
1175 4135 1232 4186 id
1252 4147 1352 4196 ese,

1520 2942 1574 2993 3.
1600 2942 1905 3009 Pomponius.
1932 2942 2031 2993 An.
2055 2942 2123 2993 U.
2150 2960 2278 3009 701.
2302 2942 2447 2997 Plut.

1437 3020 1494 3071 in
1533 3020 1630 3073 vit.
1660 3022 1881 3092 Pomp.;
1913 3021 2082 3073 Cicer.
2109 3040 2210 3091 pro
2246 3022 2451 3076 Flacco.

1439 3130 1517 3140 —-
1534 3099 1792 3171 Hypsaeus
1815 3099 1871 3152 in
1896 3119 2047 3152 causa
2077 3101 2315 3172 Pompeii
2345 3105 2454 3155 val-

1437 3176 1505 3230 de
1522 3179 1850 3232 laboraverat
1862 3218 1879 3244 ,
1904 3192 1963 3232 ut
1982 3181 2295 3235 Ptolemaeus
2313 3185 2459 3235 resti·

1439 3256 2454 3329 tuendusPompeiodecerneretur-,vid

1438 3338 1550 3390 Cic.
1579 3335 1645 3389 ad
1681 3339 1888 3391 Lentul.
1925 3338 2026 3391 Sed
2068 3340 2349 3412 Pompeius
2383 3356 2457 3396 ta-

1438 3436 1561 3470 men
1575 3419 1866 3489 supplicem
1882 3419 2106 3470 amicum
2122 3421 2459 3493 nobilemque

1437 3498 1615 3550 virum
1644 3499 1871 3568 superbe
1899 3497 2216 3569 repudiavit.

1523 3585 1577 3641 4.
1597 3578 1835 3630 Socermn.
1864 3579 2121 3631 Defuncta
2146 3580 2179 3631 J
2184 3582 2287 3631 ulia
2304 3617 2320 3642 ‚
2339 3593 2460 3634 ante

1440 3658 1714 3711 biennium
1731 3696 1746 3721 ,
1776 3677 1934 3728 quam
1966 3659 2077 3729 ipse
2101 3660 2461 3729 exstinguere·

1440 3748 1531 3789 tur
1554 3737 1831 3809 Pompeius
1842 3776 1859 3801 ‚
1874 3738 2176 3791 Corneliam
2195 3738 2462 3810 Scipionis

1441 3817 1731 3869 consularis
1767 3818 1929 3870 filiam
1982 3819 2321 3871 matrimonio
2361 3821 2464 3872 sibi

1439 3898 1632 3966 junxit.
1663 3895 1791 3948 Vid.
1826 3898 2014 3950 Vellei.
2039 3898 2128 3959 11,
2163 3898 2262 3955 55,
2298 3917 2350 3952 2.
2380 3932 2462 3943 -—

1453 3978 1522 4028 Te
1521 3977 1792 4046 mperando.
1814 3976 2053 4030 Perizon.
2072 3978 2220 4030 malit
2240 3991 2470 4032 temeran-

1445 4056 1525 4116 do,
1544 4055 1599 4108 id
1614 4069 1709 4122 est,
1723 4056 2115 4128 corrumpendo
2134 4070 2185 4110 et
2199 4058 2464 4113 violando‘.

1448 4135 1555 4189 Sed
1584 4138 1854 4207 vulgatum
1895 4139 2032 4190 bene
2067 4138 2239 4270 hpbet.
2278 4139 2468 4193 Sensus

1993 4243 2121 4315 11²
