3143 5204
796 425 887 511 54
1123 427 1559 513 VALERII
1634 426 2052 493 ΜΑΧΙΜΙ
2123 427 2311 492 LIB.
2383 427 2562 493 VII.

789 562 985 653 guine
1023 560 1357 652 proximus
1378 612 1395 644 ‚
1429 557 1633 627 hastae
1662 557 1911 650 judicio
1942 556 2324 626 subvertere
2362 556 2607 626 frustra
2642 574 2923 629 conatus

756 752 759 761 .
790 680 923 752 est;
953 667 1163 760 magis
1184 667 1360 733 enim
1387 664 1812 749 centumviri,
1830 663 1989 757 quid
2013 665 2334 758 scriptum
2357 679 2527 734 esset
2547 665 2613 731 in
2642 664 2886 735 tabulis
2902 720 2924 754 ‚

789 797 985 865 quam
1019 773 1164 866 quis
1200 796 1309 839 eas
1338 772 1740 865 scripsisset,
1767 768 2318 838 considerandum
2356 771 2921 841 existimaverunt.

901 905 963 947 2.
994 880 1150 946 Vita
1185 877 1493 946 Tuditani
1521 876 1832 945 demens:
1871 875 2157 946 AEbuciae
2193 891 2449 963 autem,
2477 901 2622 972 quae
2657 880 2734 946 L.
2771 880 2923 947 Me-

787 988 962 1053 nenii
1005 987 1315 1078 Agrippae
1358 1008 1525 1050 uxor
1566 982 1819 1066 fuerat,
1862 979 2098 1050 tabulae
2139 984 2512 1052 testamenti
2559 982 2771 1077 plenae
2814 984 2922 1053 fu-

789 1093 994 1173 roris;
1030 1117 1183 1160 nam
1220 1116 1423 1184 quum
1463 1089 1738 1158 haberet
1775 1090 1938 1157 duas
1975 1087 2314 1183 simillimae
2354 1090 2698 1185 probitatis
2721 1088 2922 1177 filias,

787 1197 1154 1268 Plaetoriam
1193 1212 1259 1266 et
1285 1197 1659 1282 Afraniam‚
1689 1197 1890 1264 animi
1924 1196 2022 1264 sui
2059 1197 2276 1289 potius
2309 1196 2729 1266 inclinatione
2762 1221 2918 1290 pro·

790 1319 1017 1389 vecta,
1057 1328 1254 1396 quam
1297 1302 1447 1370 ullis
1490 1302 1757 1371 alterius
1800 1303 2049 1394 injuriis
2098 1317 2213 1370 aut
2255 1302 2491 1371 officiis
2543 1317 2920 1389 commota,

788 1408 1156 1477 Plaetoriam
1202 1408 1662 1478 tantummodo
1717 1406 2025 1477 heredem
2087 1409 2367 1477 instituit
2410 1435 2424 1475 :
2480 1407 2626 1477 filiis
2691 1424 2919 1478 autem

789 1516 1074 1589 Afraniae
1109 1540 1191 1586 ex
1223 1540 1346 1585 suo
1373 1514 1731 1585 admodum
1761 1513 1984 1610 amplo
2017 1517 2412 1608 patrimonio
2432 1516 2664 1610 viginti
2683 1513 2700 1539 ¹
2723 1540 2921 1584 num·

790 1648 974 1691 mum
1008 1621 1265 1717 legavit.
1304 1621 1573 1691 Afrania
1603 1637 1826 1691 tamen
1855 1646 2008 1690 cum
2041 1646 2266 1690 sorore
2293 1619 2736 1691 sacramento²
2769 1647 2924 1692 con-

788 1728 1057 1797 tendere
1084 1728 1329 1798 noluit·
1314 1742 1967 1859 ,testamentumque³
1966 1731 2196 1798 matris
2221 1731 2532 1823 patientia
2556 1729 2924 1848 honorare,

789 1860 987 1927 quam
1013 1834 1264 1927 judicio
1293 1833 1701 1919 convellere,
1727 1821 1967 1904 satius³
1995 1860 2138 1904 esse
2169 1835 2396 1904 duxit·
2409 1860 2513 1905 eo
2544 1859 2614 1904 se
2644 1836 2785 1929 ipsa
2825 1837 2920 1903 in-

789 1941 1207 2049 digniorem
1192 1943 1427 2034 mjuria
1461 1941 1847 2029 ostenden3‚
1872 1967 2004 2035 quo
2047 1967 2191 2015 eam
2228 1942 2514 2036 aequiore
2548 1943 2773 2011 animo
2812 1967 2921 2011 su-

789 2038 1088 2116 stinebat.

902 2152 966 2224 3.
1008 2158 1231 2223 Minus
1260 2155 1634 2227 mirandum
1671 2179 1961 2226 errorem
1991 2156 2377 2229 muliebrem
2405 2157 2536 2243 Qu.
2568 2143 2923 2225 Metellus

794 2262 974 2329 fecit:
1007 2263 1061 2331 is
1099 2287 1381 2356 namque
1411 2261 1707 2357 plurimis
1742 2277 1808 2330 et
1836 2260 2276 2331 celeberrimis
2306 2260 2600 2391 ejussdem
2635 2263 2926 2331 nominis

785 2370 940 2436 viris
975 2369 1042 2435 in
1079 2369 1241 2437 urbe
1278 2384 1506 2437 nostra
1540 2369 1946 2462 vigentibus,
1984 2354 2456 2437 Claudiorum⁵
2485 2369 2685 2436 etiam
2729 2368 2923 2437 fami-

784 2473 921 2559 lia,
947 2500 1144 2567 quam
1192 2476 1553 2551 arctissimo
1599 2476 1932 2569 sanguinis
1979 2472 2246 2543 vinculo
2289 2475 2758 2570 contingebat,
2800 2476 2923 2543 flo-

784 2595 999 2664 rente,
1057 2583 1469 2650 Carrinatem
1530 2580 1741 2649 solum
1797 2582 1919 2650 hei
1920 2580 2108 2649 edem
2161 2579 2469 2710 reliquit3
2527 2607 2649 2651 nec
2709 2581 2924 2652 hocce

785 2687 925 2779 ejus
959 2702 1420 2755 testamentum
1456 2689 1804 2783 quisquam
1846 2672 2248 2757 attentavit?

788 2911 902 2950 tum
928 2894 1225 2951 rescindere
1242 2898 1801 2971 voluit'ffib..Longus‚
1897 2901 2192 2952 Varronem
2228 2896 2298 2968 de
2340 2900 2544 2971 Lingua
2583 2899 2772 2953 Latina
2819 2899 2922 2953 lv,

786 2979 913 3050 quia
949 2978 1201 3048 sanguine
1231 2978 1503 3049 proximus
1542 2980 1677 3040 fuit,
1715 2976 1808 3032 sed
1977 2980 2031 3032 3.
2063 2980 2243 3031 Satius.
2276 2980 2381 3032 Alii
2416 2997 2429 3031 τ
2461 2983 2685 3032 sanctius.

787 3059 913 3129 quia
954 3057 1250 3110 Tuditanus
1302 3059 1530 3111 furiosus
1591 3059 1772 3112 fuisset
1789 3096 1802 3114 ‚
1978 3066 2030 3123 4.
2055 3061 2153 3128 Qu.
2177 3059 2418 3111 Metellus.
2436 3059 2656 3130 Pighius
2673 3071 2728 3112 et
2745 3059 2922 3112 Periz.

787 3138 1015 3210 ideoque
1026 3149 1394 3191 testamentum
1409 3138 1581 3191 facere
1593 3158 1700 3191 uon
1715 3159 1808 3210 po·
1853 3143 1856 3146 ’
1897 3138 1965 3206 Q
1979 3139 2236 3191 Claudium
2245 3138 2475 3209 Nepotem
2484 3138 2923 3209 intelligunt.Sed

787 3219 986 3271 tuisset.
1004 3218 1288 3270 dedicio.
1317 3219 1804 3271 Centumvirorum.
1892 3218 2044 3288 Pigh.
2080 3219 2134 3270 in
2161 3237 2225 3270 eo
2254 3232 2427 3282 errat,
2458 3218 2588 3271 dum
2618 3218 2667 3271 ei
2696 3237 2918 3273 uxorem

788 3298 918 3351 vid.
945 3317 1103 3368 supra
1130 3311 1184 3350 et
1212 3297 1357 3350 Suet.
1385 3300 1519 3369 Aug.
1544 3300 1803 3351 xxxvl.
1892 3298 2083 3350 tribuit
2098 3300 2158 3352 P.
2179 3298 2358 3353 Clodii
2382 3317 2619 3352 sororem
2636 3333 2653 3361 ,
2674 3309 2794 3370 q'uoe
2815 3300 2923 3352 fuit

785 3376 1071 3444 Quomodo
1097 3390 1271 3431 autem
1306 3380 1522 3450 Longus
1553 3380 1807 3450 sanguine
1892 3396 2043 3431 soror
2057 3380 2122 3446 Ο.
2146 3380 2334 3431 Metelli
2348 3380 2545 3433 Celeris.
2562 3378 2676 3433 Cic.
2691 3398 2793 3450 pro
2808 3379 2923 3434 Ca-

784 3458 1007 3530 propior
1008 3456 1123 3526 filio
1135 3476 1246 3510 esse
1258 3459 1488 3528 poterat?
1500 3459 1805 3512 Perizonius
1888 3457 1961 3509 lio
1978 3497 1994 3522 ‚
2028 3459 2246 3512 XXIV:

785 3552 995 3592 veretur
1011 3570 1028 3598 ‚
1058 3557 1125 3589 ne
1145 3538 1259 3590 haec
1276 3538 1437 3590 verba
1455 3558 1482 3590 a
1500 3540 1685 3592 scribis
1712 3538 1804 3592 ad·
1976 3539 2026 3590 5.
2074 3538 2403 3592 Claudiorum.
2437 3538 2573 3591 Nam
2605 3556 2771 3609 genus
2803 3556 2919 3591 ma·

783 3619 894 3672 dita
915 3619 1037 3671 sint.
1892 3630 2101 3670 ternum
2128 3618 2292 3672 duxit*
2308 3638 2335 3671 a
2358 3629 2513 3689 gente
2534 3616 2773 3672 Claudia.
2801 3616 2920 3670 Me-

874 3718 893 3751 1
911 3739 922 3750 .
969 3699 1024 3746 V
1022 3701 1178 3766 agitati.
1209 3697 1330 3749 Scil.
1356 3698 1543 3759 millia,
1568 3698 1715 3769 quod
1740 3717 1803 3751 ex
1891 3698 2045 3751 tellus
2059 3699 2200 3751 enim
2215 3701 2457 3769 superior
2470 3697 2747 3752 Claudiam
2762 3695 2919 3749 duxit

785 3778 934 3831 MSS.
950 3775 1264 3848 quibusdam
1284 3775 1432 3829 addit
1449 3778 1691 3848 Pighius,
1707 3780 1806 3831 cir·
1890 3796 2110 3832 uxorem
2137 3818 2150 3841 ‚
2198 3798 2258 3832 ex
2286 3797 2389 3849 qua
2417 3793 2569 3831 natus
2598 3791 2675 3830 est
2701 3777 2767 3842 Q.
2799 3777 2921 3830 Me·

786 3859 919 3912 citer
946 3858 1023 3910 M.
1051 3856 1238 3908 floreni
1267 3857 1521 3909 Rhenani.
1890 3860 2058 3912 tellus.
2093 3892 2172 3901 --
2216 3860 2533 3912 Carrinatem.
2581 3853 2782 3909 Forsan
2817 3857 2920 3911 suit

869 3959 923 3991 a.
944 3939 1263 3989 Sacramenta.
1291 3937 1468 3990 Potuit
1492 3938 1634 3990 euim
1653 3938 1802 3990 Afra-
1893 3939 1978 3991 ille
2003 3952 2196 4009 praetor
2223 3938 2410 3992 Iberioe
2435 3940 2533 3990 sub
2561 3937 2780 3989 Caesare.

787 4019 872 4069 nia
919 4016 1059 4088 apud
1097 4018 1451 4070 centumviros
1501 4021 1703 4086 jurare,
1749 4037 1802 4070 se
1972 4025 2024 4072 6.
2057 4021 2345 4071 Alterum-it.
2375 4018 2473 4072 Ed.
2506 4031 2610 4070 vet.
2637 4020 2918 4085 acceptavit.

804 4101 974 4167 njuste
1001 4097 1363 4151 exheredatam
1389 4119 1416 4150 a
1444 4111 1624 4150 matre.
1665 4097 1801 4150 Vide
1889 4099 2124 4153 Fortasse
2169 4100 2418 4168 scriptum
2468 4110 2580 4151 erat
2630 4101 2912 4166 artoptas-it,
