<?xml version="1.0" encoding="UTF-8"?>
<!DOCTYPE html PUBLIC "-//W3C//DTD XHTML 1.0 Transitional//EN"
    "http://www.w3.org/TR/xhtml1/DTD/xhtml1-transitional.dtd">
<html xmlns="http://www.w3.org/1999/xhtml" xml:lang="en" lang="en">
 <head>
  <title>
</title>
<meta http-equiv="Content-Type" content="text/html;charset=utf-8" />
  <meta name='ocr-system' content='tesseract 3.04.00' />
  <meta name='ocr-capabilities' content='ocr_page ocr_carea ocr_par ocr_line ocrx_word'/>
</head>
<body>
  <div class='ocr_page' id='page_1' title='image "./valeriusmaximus02lykogoog_0108.png"; bbox 0 0 3143 5204; ppageno 0'>
   <div class='ocr_carea' id='block_1_1' title="bbox 1073 464 2539 535">
    <p class='ocr_par' dir='ltr' id='par_1_1' title="bbox 1073 464 2539 535">
     <span class='ocr_line' id='line_1_1' title="bbox 1073 464 2539 535; baseline 0.004 -6"><span class='ocrx_word' id='word_1_1' title='bbox 1073 464 1530 532; x_wconf 87' lang='lat' dir='ltr'><strong>VALERII</strong></span> <span class='ocrx_word' id='word_1_2' title='bbox 1589 465 2007 532; x_wconf 88' lang='lat' dir='ltr'><strong>MAXIMI</strong></span> <span class='ocrx_word' id='word_1_3' title='bbox 2063 466 2256 533; x_wconf 91' lang='lat' dir='ltr'><strong>LIB.</strong></span> <span class='ocrx_word' id='word_1_4' title='bbox 2315 467 2539 535; x_wconf 91' lang='lat' dir='ltr'><strong>VIII.</strong></span> 
     </span>
    </p>
   </div>
   <div class='ocr_carea' id='block_1_2' title="bbox 730 595 2881 3012">
    <p class='ocr_par' dir='ltr' id='par_1_2' title="bbox 743 595 2880 1543">
     <span class='ocr_line' id='line_1_2' title="bbox 862 595 2875 692; baseline 0.002 -27"><span class='ocrx_word' id='word_1_5' title='bbox 862 621 886 665; x_wconf 92' lang='lat'>1</span> <span class='ocrx_word' id='word_1_6' title='bbox 915 621 970 665; x_wconf 90' lang='lat'><strong>1.</strong></span> <span class='ocrx_word' id='word_1_7' title='bbox 1008 599 1104 665; x_wconf 93' lang='lat' dir='ltr'><strong>Te</strong></span> <span class='ocrx_word' id='word_1_8' title='bbox 1139 622 1401 692; x_wconf 90' lang='lat' dir='ltr'><strong>quoque</strong></span> <span class='ocrx_word' id='word_1_9' title='bbox 1420 649 1439 680; x_wconf 87' lang='lat'>,</span> <span class='ocrx_word' id='word_1_10' title='bbox 1477 595 1799 666; x_wconf 81' lang='lat' dir='ltr'><strong>Cleanthe</strong></span> <span class='ocrx_word' id='word_1_11' title='bbox 1821 596 1867 682; x_wconf 86' lang='lat'><strong>¹,</strong></span> <span class='ocrx_word' id='word_1_12' title='bbox 1893 612 2028 666; x_wconf 87' lang='lat' dir='ltr'><strong>tam</strong></span> <span class='ocrx_word' id='word_1_13' title='bbox 2069 595 2394 667; x_wconf 81' lang='lat' dir='ltr'><strong>laboriose</strong></span> <span class='ocrx_word' id='word_1_14' title='bbox 2424 599 2835 669; x_wconf 77' lang='lat' dir='ltr'><strong>haurientem</strong></span> <span class='ocrx_word' id='word_1_15' title='bbox 2856 656 2875 687; x_wconf 87' lang='lat'><strong>‚</strong></span> 
     </span>
     <span class='ocr_line' id='line_1_3' title="bbox 743 703 2876 801; baseline 0.001 -30"><span class='ocrx_word' id='word_1_16' title='bbox 743 717 811 771; x_wconf 88' lang='lat' dir='ltr'><strong>et</strong></span> <span class='ocrx_word' id='word_1_17' title='bbox 854 717 990 771; x_wconf 87' lang='lat' dir='ltr'><strong>tam</strong></span> <span class='ocrx_word' id='word_1_18' title='bbox 1040 704 1464 797; x_wconf 86' lang='lat' dir='ltr'><strong>pertinaciter</strong></span> <span class='ocrx_word' id='word_1_19' title='bbox 1491 703 1865 772; x_wconf 83' lang='lat' dir='ltr'><strong>tradentem</strong></span> <span class='ocrx_word' id='word_1_20' title='bbox 1910 704 2291 798; x_wconf 82' lang='lat' dir='ltr'><strong>sapientiam</strong></span> <span class='ocrx_word' id='word_1_21' title='bbox 2320 759 2339 792; x_wconf 92' lang='lat'><strong><em>‚</em></strong></span> <span class='ocrx_word' id='word_1_22' title='bbox 2381 730 2628 773; x_wconf 91' lang='lat' dir='ltr'><strong>numen</strong></span> <span class='ocrx_word' id='word_1_23' title='bbox 2672 709 2876 801; x_wconf 87' lang='lat' dir='ltr'><strong>ipsius</strong></span> 
     </span>
     <span class='ocr_line' id='line_1_4' title="bbox 744 808 2878 905; baseline 0.002 -29"><span class='ocrx_word' id='word_1_24' title='bbox 744 808 1082 878; x_wconf 87' lang='lat' dir='ltr'><strong>industriae</strong></span> <span class='ocrx_word' id='word_1_25' title='bbox 1125 810 1418 905; x_wconf 83' lang='lat' dir='ltr'><strong>suspexit</strong></span> <span class='ocrx_word' id='word_1_26' title='bbox 1438 864 1456 894; x_wconf 85' lang='lat'>‚</span> <span class='ocrx_word' id='word_1_27' title='bbox 1493 835 1698 903; x_wconf 88' lang='lat' dir='ltr'><strong>quum</strong></span> <span class='ocrx_word' id='word_1_28' title='bbox 1743 808 2225 881; x_wconf 87' lang='lat' dir='ltr'><strong>adolescentem</strong></span> <span class='ocrx_word' id='word_1_29' title='bbox 2253 826 2503 905; x_wconf 84' lang='lat' dir='ltr'><strong>quaestu</strong></span> <span class='ocrx_word' id='word_1_30' title='bbox 2535 814 2878 882; x_wconf 85' lang='lat' dir='ltr'><strong>extrahen-</strong></span> 
     </span>
     <span class='ocr_line' id='line_1_5' title="bbox 744 915 2877 1012; baseline 0.001 -29"><span class='ocrx_word' id='word_1_31' title='bbox 744 915 844 983; x_wconf 87' lang='lat' dir='ltr'><strong>dae</strong></span> <span class='ocrx_word' id='word_1_32' title='bbox 881 941 1066 1010; x_wconf 86' lang='lat' dir='ltr'><strong>aquae</strong></span> <span class='ocrx_word' id='word_1_33' title='bbox 1101 931 1430 987; x_wconf 88' lang='lat' dir='ltr'><strong>nocturno</strong></span> <span class='ocrx_word' id='word_1_34' title='bbox 1473 930 1773 1010; x_wconf 89' lang='lat' dir='ltr'><strong>tempore</strong></span> <span class='ocrx_word' id='word_1_35' title='bbox 1815 918 2104 1012; x_wconf 90' lang='lat' dir='ltr'><strong>inopiam</strong></span> <span class='ocrx_word' id='word_1_36' title='bbox 2146 932 2327 986; x_wconf 89' lang='lat' dir='ltr'><strong>tuam</strong></span> <span class='ocrx_word' id='word_1_37' title='bbox 2358 933 2835 988; x_wconf 87' lang='lat' dir='ltr'><strong>sustentantem</strong></span> <span class='ocrx_word' id='word_1_38' title='bbox 2856 975 2877 1005; x_wconf 87' lang='lat'>,</span> 
     </span>
     <span class='ocr_line' id='line_1_6' title="bbox 744 1022 2880 1119; baseline 0.002 -28"><span class='ocrx_word' id='word_1_39' title='bbox 744 1022 982 1092; x_wconf 88' lang='lat' dir='ltr'><strong>diurno</strong></span> <span class='ocrx_word' id='word_1_40' title='bbox 1020 1023 1373 1118; x_wconf 89' lang='lat' dir='ltr'><strong>Chrysippi</strong></span> <span class='ocrx_word' id='word_1_41' title='bbox 1417 1025 1761 1118; x_wconf 83' lang='lat' dir='ltr'><strong>praeceptis</strong></span> <span class='ocrx_word' id='word_1_42' title='bbox 1804 1023 2240 1119; x_wconf 87' lang='lat' dir='ltr'><strong>percipiendis</strong></span> <span class='ocrx_word' id='word_1_43' title='bbox 2274 1040 2621 1094; x_wconf 83' lang='lat' dir='ltr'><strong>vacantem</strong></span> <span class='ocrx_word' id='word_1_44' title='bbox 2642 1080 2662 1113; x_wconf 89' lang='lat'>‚</span> <span class='ocrx_word' id='word_1_45' title='bbox 2703 1051 2880 1095; x_wconf 89' lang='lat' dir='ltr'><strong>eum-</strong></span> 
     </span>
     <span class='ocr_line' id='line_1_7' title="bbox 745 1128 2876 1223; baseline 0.002 -26"><span class='ocrx_word' id='word_1_46' title='bbox 745 1128 1027 1223; x_wconf 86' lang='lat' dir='ltr'><strong>demque</strong></span> <span class='ocrx_word' id='word_1_47' title='bbox 1057 1129 1142 1197; x_wconf 91' lang='lat' dir='ltr'><strong>ad</strong></span> <span class='ocrx_word' id='word_1_48' title='bbox 1164 1130 1776 1200; x_wconf 85' lang='lat' dir='ltr'><strong>undecentesimum</strong></span> <span class='ocrx_word' id='word_1_49' title='bbox 1810 1154 2058 1199; x_wconf 88' lang='lat' dir='ltr'><strong>annum</strong></span> <span class='ocrx_word' id='word_1_50' title='bbox 2092 1144 2344 1200; x_wconf 88' lang='lat' dir='ltr'><strong>attenta</strong></span> <span class='ocrx_word' id='word_1_51' title='bbox 2376 1156 2534 1200; x_wconf 89' lang='lat' dir='ltr'><strong>cura</strong></span> <span class='ocrx_word' id='word_1_52' title='bbox 2570 1132 2876 1217; x_wconf 86' lang='lat' dir='ltr'><strong>erudien-</strong></span> 
     </span>
     <span class='ocr_line' id='line_1_8' title="bbox 745 1235 2876 1332; baseline 0.002 -29"><span class='ocrx_word' id='word_1_53' title='bbox 745 1250 877 1303; x_wconf 89' lang='lat' dir='ltr'><strong>tem</strong></span> <span class='ocrx_word' id='word_1_54' title='bbox 914 1235 1246 1306; x_wconf 86' lang='lat' dir='ltr'><strong>auditores</strong></span> <span class='ocrx_word' id='word_1_55' title='bbox 1274 1252 1457 1324; x_wconf 86' lang='lat' dir='ltr'><strong>tuos,</strong></span> <span class='ocrx_word' id='word_1_56' title='bbox 1488 1237 1784 1324; x_wconf 83' lang='lat' dir='ltr'><strong>videret3</strong></span> <span class='ocrx_word' id='word_1_57' title='bbox 1820 1236 2063 1332; x_wconf 89' lang='lat' dir='ltr'><strong>duplici</strong></span> <span class='ocrx_word' id='word_1_58' title='bbox 2090 1239 2267 1306; x_wconf 85' lang='lat' dir='ltr'><strong>enim</strong></span> <span class='ocrx_word' id='word_1_59' title='bbox 2295 1235 2522 1307; x_wconf 90' lang='lat' dir='ltr'><strong>labore</strong></span> <span class='ocrx_word' id='word_1_60' title='bbox 2551 1240 2747 1307; x_wconf 90' lang='lat' dir='ltr'><strong>unius</strong></span> <span class='ocrx_word' id='word_1_61' title='bbox 2777 1264 2876 1308; x_wconf 90' lang='lat' dir='ltr'><strong>se-</strong></span> 
     </span>
     <span class='ocr_line' id='line_1_9' title="bbox 745 1339 2880 1439; baseline 0.002 -29"><span class='ocrx_word' id='word_1_62' title='bbox 745 1339 876 1410; x_wconf 89' lang='lat' dir='ltr'><strong>culi</strong></span> <span class='ocrx_word' id='word_1_63' title='bbox 917 1345 1201 1437; x_wconf 90' lang='lat' dir='ltr'><strong>spatium</strong></span> <span class='ocrx_word' id='word_1_64' title='bbox 1240 1345 1611 1438; x_wconf 89' lang='lat' dir='ltr'><strong>occupasti;</strong></span> <span class='ocrx_word' id='word_1_65' title='bbox 1654 1345 1978 1412; x_wconf 90' lang='lat' dir='ltr'><strong>incertum</strong></span> <span class='ocrx_word' id='word_1_66' title='bbox 2015 1342 2350 1413; x_wconf 88' lang='lat' dir='ltr'><strong>reddendo</strong></span> <span class='ocrx_word' id='word_1_67' title='bbox 2369 1398 2389 1430; x_wconf 88' lang='lat'>‚</span> <span class='ocrx_word' id='word_1_68' title='bbox 2429 1344 2880 1439; x_wconf 82' lang='lat' dir='ltr'><strong>discipulusne</strong></span> 
     </span>
     <span class='ocr_line' id='line_1_10' title="bbox 744 1448 1909 1543; baseline 0 -26"><span class='ocrx_word' id='word_1_69' title='bbox 744 1473 829 1517; x_wconf 85' lang='lat' dir='ltr'><strong>an</strong></span> <span class='ocrx_word' id='word_1_70' title='bbox 873 1463 1243 1543; x_wconf 87' lang='lat' dir='ltr'><strong>praeceptor</strong></span> <span class='ocrx_word' id='word_1_71' title='bbox 1286 1474 1459 1519; x_wconf 91' lang='lat' dir='ltr'><strong>esses</strong></span> <span class='ocrx_word' id='word_1_72' title='bbox 1503 1448 1909 1519; x_wconf 89' lang='lat' dir='ltr'><strong>laudabilior.</strong></span> 
     </span>
    </p>

    <p class='ocr_par' dir='ltr' id='par_1_3' title="bbox 732 1554 2881 2504">
     <span class='ocr_line' id='line_1_11' title="bbox 862 1554 2879 1652; baseline 0.001 -30"><span class='ocrx_word' id='word_1_73' title='bbox 862 1579 887 1623; x_wconf 84' lang='lat'>1</span> <span class='ocrx_word' id='word_1_74' title='bbox 908 1580 972 1623; x_wconf 82' lang='lat'><strong>2.</strong></span> <span class='ocrx_word' id='word_1_75' title='bbox 1030 1554 1391 1650; x_wconf 90' lang='lat' dir='ltr'><strong>Sophocles</strong></span> <span class='ocrx_word' id='word_1_76' title='bbox 1432 1581 1698 1651; x_wconf 90' lang='lat' dir='ltr'><strong>quoque</strong></span> <span class='ocrx_word' id='word_1_77' title='bbox 1745 1555 2101 1652; x_wconf 84' lang='lat' dir='ltr'><strong>gloriosum</strong></span> <span class='ocrx_word' id='word_1_78' title='bbox 2154 1582 2307 1626; x_wconf 93' lang='lat' dir='ltr'><strong>cum</strong></span> <span class='ocrx_word' id='word_1_79' title='bbox 2362 1581 2584 1625; x_wconf 89' lang='lat' dir='ltr'><strong>rerum</strong></span> <span class='ocrx_word' id='word_1_80' title='bbox 2636 1572 2879 1626; x_wconf 87' lang='lat' dir='ltr'><strong>natura</strong></span> 
     </span>
     <span class='ocr_line' id='line_1_12' title="bbox 743 1659 2880 1758; baseline 0.001 -28"><span class='ocrx_word' id='word_1_81' title='bbox 743 1659 1117 1730; x_wconf 85' lang='lat' dir='ltr'><strong>certamen²</strong></span> <span class='ocrx_word' id='word_1_82' title='bbox 1150 1662 1419 1749; x_wconf 89' lang='lat' dir='ltr'><strong>habuit,</strong></span> <span class='ocrx_word' id='word_1_83' title='bbox 1461 1678 1597 1731; x_wconf 88' lang='lat' dir='ltr'><strong>tam</strong></span> <span class='ocrx_word' id='word_1_84' title='bbox 1636 1664 1919 1757; x_wconf 84' lang='lat' dir='ltr'><strong>benigne</strong></span> <span class='ocrx_word' id='word_1_85' title='bbox 1953 1662 2230 1733; x_wconf 83' lang='lat' dir='ltr'><strong>mirifica</strong></span> <span class='ocrx_word' id='word_1_86' title='bbox 2266 1660 2358 1731; x_wconf 87' lang='lat' dir='ltr'><strong>illi</strong></span> <span class='ocrx_word' id='word_1_87' title='bbox 2384 1688 2589 1758; x_wconf 89' lang='lat' dir='ltr'><strong>opera</strong></span> <span class='ocrx_word' id='word_1_88' title='bbox 2627 1689 2747 1732; x_wconf 87' lang='lat' dir='ltr'><strong>sua</strong></span> <span class='ocrx_word' id='word_1_89' title='bbox 2776 1689 2880 1732; x_wconf 85' lang='lat' dir='ltr'><strong>ex-</strong></span> 
     </span>
     <span class='ocr_line' id='line_1_13' title="bbox 741 1766 2881 1864; baseline 0.002 -30"><span class='ocrx_word' id='word_1_90' title='bbox 741 1766 1070 1853; x_wconf 80' lang='lat' dir='ltr'><strong>bibendo,</strong></span> <span class='ocrx_word' id='word_1_91' title='bbox 1106 1792 1302 1861; x_wconf 91' lang='lat' dir='ltr'><strong>quam</strong></span> <span class='ocrx_word' id='word_1_92' title='bbox 1341 1767 1448 1837; x_wconf 91' lang='lat' dir='ltr'><strong>illa</strong></span> <span class='ocrx_word' id='word_1_93' title='bbox 1480 1769 1792 1864; x_wconf 88' lang='lat' dir='ltr'><strong>operibus</strong></span> <span class='ocrx_word' id='word_1_94' title='bbox 1829 1769 1968 1861; x_wconf 88' lang='lat' dir='ltr'><strong>ejus</strong></span> <span class='ocrx_word' id='word_1_95' title='bbox 2004 1784 2307 1863; x_wconf 89' lang='lat' dir='ltr'><strong>tempora</strong></span> <span class='ocrx_word' id='word_1_96' title='bbox 2343 1768 2694 1840; x_wconf 88' lang='lat' dir='ltr'><strong>liberaliter</strong></span> <span class='ocrx_word' id='word_1_97' title='bbox 2729 1770 2881 1840; x_wconf 89' lang='lat' dir='ltr'><strong>sub-</strong></span> 
     </span>
     <span class='ocr_line' id='line_1_14' title="bbox 741 1874 2878 1971; baseline 0.002 -30"><span class='ocrx_word' id='word_1_98' title='bbox 741 1874 1213 1943; x_wconf 87' lang='lat' dir='ltr'><strong>ministrando:</strong></span> <span class='ocrx_word' id='word_1_99' title='bbox 1256 1901 1466 1969; x_wconf 90' lang='lat' dir='ltr'><strong>prope</strong></span> <span class='ocrx_word' id='word_1_100' title='bbox 1504 1878 1677 1944; x_wconf 86' lang='lat' dir='ltr'><strong>enim</strong></span> <span class='ocrx_word' id='word_1_101' title='bbox 1719 1878 2148 1944; x_wconf 89' lang='lat' dir='ltr'><strong>centesimum</strong></span> <span class='ocrx_word' id='word_1_102' title='bbox 2188 1901 2437 1945; x_wconf 88' lang='lat' dir='ltr'><strong>annum</strong></span> <span class='ocrx_word' id='word_1_103' title='bbox 2471 1878 2719 1971; x_wconf 84' lang='lat' dir='ltr'><strong>attigit,</strong></span> <span class='ocrx_word' id='word_1_104' title='bbox 2750 1877 2878 1946; x_wconf 91' lang='lat' dir='ltr'><strong>sub</strong></span> 
     </span>
     <span class='ocr_line' id='line_1_15' title="bbox 741 1980 2873 2077; baseline 0.002 -31"><span class='ocrx_word' id='word_1_105' title='bbox 741 1980 956 2074; x_wconf 89' lang='lat' dir='ltr'><strong>ipsum</strong></span> <span class='ocrx_word' id='word_1_106' title='bbox 1005 1982 1355 2050; x_wconf 87' lang='lat' dir='ltr'><strong>transitum</strong></span> <span class='ocrx_word' id='word_1_107' title='bbox 1395 1980 1480 2050; x_wconf 90' lang='lat' dir='ltr'><strong>ad</strong></span> <span class='ocrx_word' id='word_1_108' title='bbox 1524 1995 1807 2050; x_wconf 88' lang='lat' dir='ltr'><strong>mortem</strong></span> <span class='ocrx_word' id='word_1_109' title='bbox 1846 1980 2196 2075; x_wconf 87' lang='lat' dir='ltr'><strong>OEdipode</strong></span> <span class='ocrx_word' id='word_1_110' title='bbox 2244 1982 2873 2077; x_wconf 62' lang='lat' dir='ltr'><strong>Commo-scripto:</strong></span> 
     </span>
     <span class='ocr_line' id='line_1_16' title="bbox 737 2085 2877 2184; baseline 0.001 -29"><span class='ocrx_word' id='word_1_111' title='bbox 737 2111 867 2179; x_wconf 91' lang='lat' dir='ltr'><strong>qua</strong></span> <span class='ocrx_word' id='word_1_112' title='bbox 908 2087 1048 2157; x_wconf 89' lang='lat' dir='ltr'><strong>sola</strong></span> <span class='ocrx_word' id='word_1_113' title='bbox 1079 2086 1302 2157; x_wconf 86' lang='lat' dir='ltr'><strong>fabula</strong></span> <span class='ocrx_word' id='word_1_114' title='bbox 1342 2089 1639 2156; x_wconf 89' lang='lat' dir='ltr'><strong>omnium</strong></span> <span class='ocrx_word' id='word_1_115' title='bbox 1677 2085 1972 2181; x_wconf 89' lang='lat' dir='ltr'><strong>ejusdem</strong></span> <span class='ocrx_word' id='word_1_116' title='bbox 2017 2087 2215 2156; x_wconf 92' lang='lat' dir='ltr'><strong>studii</strong></span> <span class='ocrx_word' id='word_1_117' title='bbox 2257 2104 2600 2183; x_wconf 77' lang='lat' dir='ltr'><strong>poetarum</strong></span> <span class='ocrx_word' id='word_1_118' title='bbox 2648 2091 2877 2184; x_wconf 86' lang='lat' dir='ltr'><strong>praeri-</strong></span> 
     </span>
     <span class='ocr_line' id='line_1_17' title="bbox 736 2194 2878 2289; baseline 0.001 -28"><span class='ocrx_word' id='word_1_119' title='bbox 736 2218 894 2286; x_wconf 89' lang='lat' dir='ltr'><strong>pere</strong></span> <span class='ocrx_word' id='word_1_120' title='bbox 946 2194 1221 2289; x_wconf 85' lang='lat' dir='ltr'><strong>gloriam</strong></span> <span class='ocrx_word' id='word_1_121' title='bbox 1277 2195 1540 2289; x_wconf 91' lang='lat' dir='ltr'><strong>potuit;</strong></span> <span class='ocrx_word' id='word_1_122' title='bbox 1586 2194 1783 2289; x_wconf 88' lang='lat' dir='ltr'><strong>idque</strong></span> <span class='ocrx_word' id='word_1_123' title='bbox 1836 2197 2136 2288; x_wconf 85' lang='lat' dir='ltr'><strong>ignotum</strong></span> <span class='ocrx_word' id='word_1_124' title='bbox 2178 2219 2319 2263; x_wconf 90' lang='lat' dir='ltr'><strong>esse</strong></span> <span class='ocrx_word' id='word_1_125' title='bbox 2367 2196 2646 2288; x_wconf 88' lang='lat' dir='ltr'><strong>posteris</strong></span> <span class='ocrx_word' id='word_1_126' title='bbox 2699 2195 2878 2264; x_wconf 89' lang='lat' dir='ltr'><strong>filius</strong></span> 
     </span>
     <span class='ocr_line' id='line_1_18' title="bbox 732 2286 2877 2396; baseline 0.001 -28"><span class='ocrx_word' id='word_1_127' title='bbox 732 2301 1080 2396; x_wconf 85' lang='lat' dir='ltr'><strong>Sophoclis</strong></span> <span class='ocrx_word' id='word_1_128' title='bbox 1128 2303 1391 2396; x_wconf 91' lang='lat' dir='ltr'><strong>Iophon</strong></span> <span class='ocrx_word' id='word_1_129' title='bbox 1422 2286 1445 2325; x_wconf 80' lang='lat'>³</span> <span class='ocrx_word' id='word_1_130' title='bbox 1491 2299 1742 2388; x_wconf 88' lang='lat' dir='ltr'><strong>noluit,</strong></span> <span class='ocrx_word' id='word_1_131' title='bbox 1798 2299 2102 2394; x_wconf 88' lang='lat' dir='ltr'><strong>sepulcro</strong></span> <span class='ocrx_word' id='word_1_132' title='bbox 2149 2302 2390 2395; x_wconf 76' lang='lat' dir='ltr'><strong>patri5‚</strong></span> <span class='ocrx_word' id='word_1_133' title='bbox 2441 2327 2588 2396; x_wconf 83' lang='lat' dir='ltr'><strong>quae</strong></span> <span class='ocrx_word' id='word_1_134' title='bbox 2639 2301 2877 2388; x_wconf 86' lang='lat' dir='ltr'><strong>retuli,</strong></span> 
     </span>
     <span class='ocr_line' id='line_1_19' title="bbox 732 2407 1183 2504; baseline 0.002 -30"><span class='ocrx_word' id='word_1_135' title='bbox 732 2407 1183 2504; x_wconf 90' lang='lat' dir='ltr'><strong>insculpendo.</strong></span> 
     </span>
    </p>

    <p class='ocr_par' dir='ltr' id='par_1_4' title="bbox 730 2502 2877 3012">
     <span class='ocr_line' id='line_1_20' title="bbox 853 2502 2877 2610; baseline -0 -27"><span class='ocrx_word' id='word_1_136' title='bbox 853 2540 876 2583; x_wconf 88' lang='lat'>1</span> <span class='ocrx_word' id='word_1_137' title='bbox 898 2514 962 2585; x_wconf 87' lang='lat'><strong>3.</strong></span> <span class='ocrx_word' id='word_1_138' title='bbox 987 2502 1391 2584; x_wconf 71' lang='lat' dir='ltr'><strong>Simonides⁴</strong></span> <span class='ocrx_word' id='word_1_139' title='bbox 1416 2539 1576 2583; x_wconf 88' lang='lat' dir='ltr'><strong>vero</strong></span> <span class='ocrx_word' id='word_1_140' title='bbox 1607 2529 1804 2610; x_wconf 85' lang='lat' dir='ltr'><strong>poeta</strong></span> <span class='ocrx_word' id='word_1_141' title='bbox 1825 2520 2238 2610; x_wconf 79' lang='lat' dir='ltr'><strong>octogesimo</strong></span> <span class='ocrx_word' id='word_1_142' title='bbox 2260 2540 2448 2584; x_wconf 78' lang='lat' dir='ltr'><strong>cumo</strong></span> <span class='ocrx_word' id='word_1_143' title='bbox 2471 2532 2537 2585; x_wconf 81' lang='lat' dir='ltr'><strong>et</strong></span> <span class='ocrx_word' id='word_1_144' title='bbox 2563 2513 2877 2585; x_wconf 62' lang='lat' dir='ltr'><strong>doczulsse</strong></span> 
     </span>
     <span class='ocr_line' id='line_1_21' title="bbox 730 2621 2873 2718; baseline 0 -28"><span class='ocrx_word' id='word_1_145' title='bbox 730 2647 805 2690; x_wconf 82' lang='lat' dir='ltr'><strong>se</strong></span> <span class='ocrx_word' id='word_1_146' title='bbox 836 2628 1149 2691; x_wconf 77' lang='lat' dir='ltr'><strong>carmina</strong></span> <span class='ocrx_word' id='word_1_147' title='bbox 1170 2676 1190 2708; x_wconf 92' lang='lat'><strong><em>,</em></strong></span> <span class='ocrx_word' id='word_1_148' title='bbox 1232 2638 1305 2689; x_wconf 83' lang='lat' dir='ltr'><strong>et</strong></span> <span class='ocrx_word' id='word_1_149' title='bbox 1333 2629 1406 2690; x_wconf 79' lang='lat' dir='ltr'><strong>in</strong></span> <span class='ocrx_word' id='word_1_150' title='bbox 1448 2646 1680 2690; x_wconf 77' lang='lat' dir='ltr'><strong>eorum</strong></span> <span class='ocrx_word' id='word_1_151' title='bbox 1723 2636 2066 2690; x_wconf 83' lang='lat' dir='ltr'><strong>certamen</strong></span> <span class='ocrx_word' id='word_1_152' title='bbox 2101 2622 2531 2692; x_wconf 71' lang='lat' dir='ltr'><strong>descendisse</strong></span> <span class='ocrx_word' id='word_1_153' title='bbox 2562 2625 2701 2717; x_wconf 89' lang='lat' dir='ltr'><strong>ipse</strong></span> <span class='ocrx_word' id='word_1_154' title='bbox 2730 2621 2873 2718; x_wconf 89' lang='lat' dir='ltr'><strong>glo-</strong></span> 
     </span>
     <span class='ocr_line' id='line_1_22' title="bbox 731 2725 2874 2824; baseline 0.001 -28"><span class='ocrx_word' id='word_1_155' title='bbox 731 2730 979 2813; x_wconf 81' lang='lat' dir='ltr'><strong>riatur3</strong></span> <span class='ocrx_word' id='word_1_156' title='bbox 1010 2753 1132 2797; x_wconf 90' lang='lat' dir='ltr'><strong>nec</strong></span> <span class='ocrx_word' id='word_1_157' title='bbox 1168 2727 1293 2797; x_wconf 90' lang='lat' dir='ltr'><strong>fuit</strong></span> <span class='ocrx_word' id='word_1_158' title='bbox 1329 2729 1662 2820; x_wconf 84' lang='lat' dir='ltr'><strong>iniquum,</strong></span> <span class='ocrx_word' id='word_1_159' title='bbox 1689 2725 1873 2796; x_wconf 92' lang='lat' dir='ltr'><strong>illum</strong></span> <span class='ocrx_word' id='word_1_160' title='bbox 1903 2725 2312 2823; x_wconf 87' lang='lat' dir='ltr'><strong>voluptatem</strong></span> <span class='ocrx_word' id='word_1_161' title='bbox 2341 2755 2423 2797; x_wconf 82' lang='lat' dir='ltr'><strong>ex</strong></span> <span class='ocrx_word' id='word_1_162' title='bbox 2457 2731 2721 2824; x_wconf 85' lang='lat' dir='ltr'><strong>ingenio</strong></span> <span class='ocrx_word' id='word_1_163' title='bbox 2749 2754 2874 2798; x_wconf 91' lang='lat' dir='ltr'><strong>suo</strong></span> 
     </span>
     <span class='ocr_line' id='line_1_23' title="bbox 730 2834 2872 2930; baseline 0.001 -27"><span class='ocrx_word' id='word_1_164' title='bbox 730 2834 844 2904; x_wconf 89' lang='lat' dir='ltr'><strong>diu</strong></span> <span class='ocrx_word' id='word_1_165' title='bbox 883 2836 1261 2930; x_wconf 85' lang='lat' dir='ltr'><strong>percipere,</strong></span> <span class='ocrx_word' id='word_1_166' title='bbox 1299 2859 1500 2928; x_wconf 91' lang='lat' dir='ltr'><strong>quum</strong></span> <span class='ocrx_word' id='word_1_167' title='bbox 1540 2857 1687 2903; x_wconf 88' lang='lat' dir='ltr'><strong>eam</strong></span> <span class='ocrx_word' id='word_1_168' title='bbox 1716 2837 1898 2905; x_wconf 93' lang='lat' dir='ltr'><strong>omni</strong></span> <span class='ocrx_word' id='word_1_169' title='bbox 1940 2860 2083 2904; x_wconf 84' lang='lat' dir='ltr'><strong>aevo</strong></span> <span class='ocrx_word' id='word_1_170' title='bbox 2120 2834 2466 2905; x_wconf 89' lang='lat' dir='ltr'><strong>fruendam</strong></span> <span class='ocrx_word' id='word_1_171' title='bbox 2503 2836 2872 2905; x_wconf 89' lang='lat' dir='ltr'><strong>traditurus</strong></span> 
     </span>
     <span class='ocr_line' id='line_1_24' title="bbox 730 2957 915 3012; baseline 0 -3"><span class='ocrx_word' id='word_1_172' title='bbox 730 2957 915 3012; x_wconf 91' lang='lat' dir='ltr'><strong>esset.</strong></span> 
     </span>
    </p>
   </div>
   <div class='ocr_carea' id='block_1_3' title="bbox 744 464 843 555">
    <p class='ocr_par' dir='ltr' id='par_1_5' title="bbox 744 464 843 555">
     <span class='ocr_line' id='line_1_25' title="bbox 744 464 843 555; baseline -0.091 0"><span class='ocrx_word' id='word_1_173' title='bbox 744 464 843 555; x_wconf 68' lang='grc'><strong>94</strong></span> 
     </span>
    </p>
   </div>
   <div class='ocr_carea' id='block_1_4' title="bbox 724 3111 1750 3347">
    <p class='ocr_par' dir='ltr' id='par_1_6' title="bbox 724 3111 1750 3347">
     <span class='ocr_line' id='line_1_26' title="bbox 814 3111 1747 3176; baseline -0.002 -9"><span class='ocrx_word' id='word_1_174' title='bbox 814 3134 838 3167; x_wconf 88' lang='lat'>1</span> <span class='ocrx_word' id='word_1_175' title='bbox 853 3156 865 3167; x_wconf 96' lang='lat'><strong>.</strong></span> <span class='ocrx_word' id='word_1_176' title='bbox 885 3113 1129 3167; x_wconf 77' lang='lat' dir='ltr'><strong>Cleanthe.</strong></span> <span class='ocrx_word' id='word_1_177' title='bbox 1151 3111 1279 3165; x_wconf 88' lang='lat' dir='ltr'><strong>Vid.</strong></span> <span class='ocrx_word' id='word_1_178' title='bbox 1300 3111 1549 3176; x_wconf 84' lang='lat' dir='ltr'><strong>Lucian.;</strong></span> <span class='ocrx_word' id='word_1_179' title='bbox 1577 3111 1747 3165; x_wconf 88' lang='lat' dir='ltr'><strong>Cicer.</strong></span> 
     </span>
     <span class='ocr_line' id='line_1_27' title="bbox 728 3191 1750 3247; baseline -0.002 -1"><span class='ocrx_word' id='word_1_180' title='bbox 728 3194 891 3247; x_wconf 84' lang='lat' dir='ltr'><strong>Acad.</strong></span> <span class='ocrx_word' id='word_1_181' title='bbox 921 3196 967 3247; x_wconf 90' lang='lat'><strong>1.</strong></span> <span class='ocrx_word' id='word_1_182' title='bbox 996 3227 1075 3236; x_wconf 95' lang='lat'>—</span> <span class='ocrx_word' id='word_1_183' title='bbox 1102 3194 1307 3247; x_wconf 82' lang='lat' dir='ltr'><strong>Numen.</strong></span> <span class='ocrx_word' id='word_1_184' title='bbox 1341 3192 1537 3246; x_wconf 77' lang='lat' dir='ltr'><strong>Divina</strong></span> <span class='ocrx_word' id='word_1_185' title='bbox 1581 3191 1750 3244; x_wconf 80' lang='lat' dir='ltr'><strong>virtus</strong></span> 
     </span>
     <span class='ocr_line' id='line_1_28' title="bbox 724 3273 1747 3347; baseline -0.004 -20"><span class='ocrx_word' id='word_1_186' title='bbox 724 3278 837 3347; x_wconf 86' lang='lat' dir='ltr'><strong>ejus</strong></span> <span class='ocrx_word' id='word_1_187' title='bbox 851 3273 1140 3327; x_wconf 69' lang='lat' dir='ltr'><strong>industriae.</strong></span> <span class='ocrx_word' id='word_1_188' title='bbox 1155 3306 1235 3315; x_wconf 92' lang='lat'>—</span> <span class='ocrx_word' id='word_1_189' title='bbox 1249 3273 1576 3325; x_wconf 75' lang='lat' dir='ltr'><strong>Eaetmleendoe</strong></span> <span class='ocrx_word' id='word_1_190' title='bbox 1592 3291 1747 3344; x_wconf 77' lang='lat' dir='ltr'><strong>aquoe.</strong></span> 
     </span>
    </p>
   </div>
   <div class='ocr_carea' id='block_1_5' title="bbox 1837 3106 2874 3341">
    <p class='ocr_par' dir='ltr' id='par_1_7' title="bbox 1837 3106 2874 3341">
     <span class='ocr_line' id='line_1_29' title="bbox 1840 3106 2871 3188; baseline 0 -25"><span class='ocrx_word' id='word_1_191' title='bbox 1840 3106 1995 3188; x_wconf 72' lang='grc' dir='ltr'><strong>ᾼῙάο.</strong></span> <span class='ocrx_word' id='word_1_192' title='bbox 2027 3109 2244 3182; x_wconf 82' lang='lat' dir='ltr'><strong>Pighius</strong></span> <span class='ocrx_word' id='word_1_193' title='bbox 2284 3109 2454 3163; x_wconf 87' lang='lat' dir='ltr'><strong>edidit</strong></span> <span class='ocrx_word' id='word_1_194' title='bbox 2488 3108 2744 3179; x_wconf 51' lang='lat' dir='ltr'><strong>magnifica</strong></span> <span class='ocrx_word' id='word_1_195' title='bbox 2781 3112 2871 3163; x_wconf 75' lang='lat' dir='ltr'><strong>illa</strong></span> 
     </span>
     <span class='ocr_line' id='line_1_30' title="bbox 1839 3189 2874 3262; baseline 0 -20"><span class='ocrx_word' id='word_1_196' title='bbox 1839 3210 2004 3262; x_wconf 76' lang='lat' dir='ltr'><strong>opem,</strong></span> <span class='ocrx_word' id='word_1_197' title='bbox 2037 3189 2128 3242; x_wconf 85' lang='lat' dir='ltr'><strong>sed</strong></span> <span class='ocrx_word' id='word_1_198' title='bbox 2151 3204 2402 3243; x_wconf 89' lang='lat' dir='ltr'><strong>monente</strong></span> <span class='ocrx_word' id='word_1_199' title='bbox 2430 3190 2683 3256; x_wconf 84' lang='lat' dir='ltr'><strong>Vorstio,</strong></span> <span class='ocrx_word' id='word_1_200' title='bbox 2708 3191 2786 3241; x_wconf 78' lang='lat' dir='ltr'><strong>illi</strong></span> <span class='ocrx_word' id='word_1_201' title='bbox 2801 3191 2874 3242; x_wconf 83' lang='lat' dir='ltr'><strong>le-</strong></span> 
     </span>
     <span class='ocr_line' id='line_1_31' title="bbox 1837 3268 2873 3341; baseline 0 -18"><span class='ocrx_word' id='word_1_202' title='bbox 1837 3269 2069 3341; x_wconf 82' lang='lat' dir='ltr'><strong>gendum</strong></span> <span class='ocrx_word' id='word_1_203' title='bbox 2087 3289 2197 3323; x_wconf 86' lang='lat' dir='ltr'><strong>esse</strong></span> <span class='ocrx_word' id='word_1_204' title='bbox 2218 3288 2320 3323; x_wconf 79' lang='lat' dir='ltr'><strong>vox</strong></span> <span class='ocrx_word' id='word_1_205' title='bbox 2340 3271 2602 3323; x_wconf 73' lang='lat' dir='ltr'><strong>exhibmdo</strong></span> <span class='ocrx_word' id='word_1_206' title='bbox 2617 3268 2873 3336; x_wconf 78' lang='lat' dir='ltr'><strong>ostendit,</strong></span> 
     </span>
    </p>
   </div>
   <div class='ocr_carea' id='block_1_6' title="bbox 708 3352 1751 4222">
    <p class='ocr_par' dir='ltr' id='par_1_8' title="bbox 717 3352 1751 3979">
     <span class='ocr_line' id='line_1_32' title="bbox 723 3352 1751 3421; baseline -0.002 -14"><span class='ocrx_word' id='word_1_207' title='bbox 723 3353 884 3421; x_wconf 90' lang='lat' dir='ltr'><strong>Quod</strong></span> <span class='ocrx_word' id='word_1_208' title='bbox 921 3354 1298 3406; x_wconf 80' lang='lat' dir='ltr'><strong>vilissimorum</strong></span> <span class='ocrx_word' id='word_1_209' title='bbox 1331 3364 1538 3404; x_wconf 85' lang='lat' dir='ltr'><strong>tantum</strong></span> <span class='ocrx_word' id='word_1_210' title='bbox 1571 3352 1751 3405; x_wconf 89' lang='lat' dir='ltr'><strong>homi-</strong></span> 
     </span>
     <span class='ocr_line' id='line_1_33' title="bbox 723 3433 1749 3496; baseline -0.002 -9"><span class='ocrx_word' id='word_1_211' title='bbox 723 3454 852 3487; x_wconf 88' lang='lat' dir='ltr'><strong>num</strong></span> <span class='ocrx_word' id='word_1_212' title='bbox 880 3435 997 3486; x_wconf 83' lang='lat' dir='ltr'><strong>suit.</strong></span> <span class='ocrx_word' id='word_1_213' title='bbox 1027 3435 1218 3486; x_wconf 81' lang='lat' dir='ltr'><strong>AElian.</strong></span> <span class='ocrx_word' id='word_1_214' title='bbox 1252 3435 1360 3496; x_wconf 88' lang='lat' dir='ltr'><strong>IX,</strong></span> <span class='ocrx_word' id='word_1_215' title='bbox 1398 3437 1488 3486; x_wconf 85' lang='lat'><strong>16.</strong></span> <span class='ocrx_word' id='word_1_216' title='bbox 1509 3433 1749 3485; x_wconf 84' lang='lat' dir='ltr'><strong>Laertius</strong></span> 
     </span>
     <span class='ocr_line' id='line_1_34' title="bbox 719 3512 1748 3587; baseline -0.004 -19"><span class='ocrx_word' id='word_1_217' title='bbox 719 3516 898 3587; x_wconf 83' lang='lat' dir='ltr'><strong>potius</strong></span> <span class='ocrx_word' id='word_1_218' title='bbox 928 3514 1288 3585; x_wconf 82' lang='lat' dir='ltr'><strong>Chrysippum</strong></span> <span class='ocrx_word' id='word_1_219' title='bbox 1315 3512 1635 3583; x_wconf 88' lang='lat' dir='ltr'><strong>discipulum</strong></span> <span class='ocrx_word' id='word_1_220' title='bbox 1663 3532 1748 3565; x_wconf 86' lang='lat' dir='ltr'><strong>re·</strong></span> 
     </span>
     <span class='ocr_line' id='line_1_35' title="bbox 719 3591 1746 3661; baseline -0.005 -13"><span class='ocrx_word' id='word_1_221' title='bbox 719 3597 820 3648; x_wconf 83' lang='lat' dir='ltr'><strong>fert</strong></span> <span class='ocrx_word' id='word_1_222' title='bbox 841 3592 1272 3648; x_wconf 84' lang='lat' dir='ltr'><strong>Cleanthis.Vid.</strong></span> <span class='ocrx_word' id='word_1_223' title='bbox 1306 3593 1419 3645; x_wconf 89' lang='lat' dir='ltr'><strong>Cic.</strong></span> <span class='ocrx_word' id='word_1_224' title='bbox 1451 3591 1519 3644; x_wconf 89' lang='lat' dir='ltr'><strong>de</strong></span> <span class='ocrx_word' id='word_1_225' title='bbox 1548 3592 1660 3643; x_wconf 79' lang='lat' dir='ltr'><strong>Fat.</strong></span> <span class='ocrx_word' id='word_1_226' title='bbox 1693 3611 1746 3661; x_wconf 91' lang='lat'><strong>7.</strong></span> 
     </span>
     <span class='ocr_line' id='line_1_36' title="bbox 717 3674 1749 3743; baseline -0.007 -15"><span class='ocrx_word' id='word_1_227' title='bbox 717 3675 880 3728; x_wconf 87' lang='lat' dir='ltr'><strong>Dedit</strong></span> <span class='ocrx_word' id='word_1_228' title='bbox 905 3676 1079 3727; x_wconf 83' lang='lat' dir='ltr'><strong>forsan</strong></span> <span class='ocrx_word' id='word_1_229' title='bbox 1106 3686 1159 3725; x_wconf 88' lang='lat' dir='ltr'><strong>et</strong></span> <span class='ocrx_word' id='word_1_230' title='bbox 1182 3674 1382 3724; x_wconf 85' lang='lat' dir='ltr'><strong>Zenoni</strong></span> <span class='ocrx_word' id='word_1_231' title='bbox 1411 3689 1749 3743; x_wconf 51' lang='lat' dir='ltr'><strong>operatum-</strong></span> 
     </span>
     <span class='ocr_line' id='line_1_37' title="bbox 723 3752 1746 3828; baseline -0.006 -20"><span class='ocrx_word' id='word_1_232' title='bbox 723 3755 995 3828; x_wconf 57' lang='lat' dir='ltr'><strong>Chrysippi.</strong></span> <span class='ocrx_word' id='word_1_233' title='bbox 1022 3752 1152 3806; x_wconf 85' lang='lat' dir='ltr'><strong>vid.</strong></span> <span class='ocrx_word' id='word_1_234' title='bbox 1196 3754 1443 3816; x_wconf 84' lang='lat' dir='ltr'><strong>Lucian.;</strong></span> <span class='ocrx_word' id='word_1_235' title='bbox 1476 3752 1746 3813; x_wconf 83' lang='lat' dir='ltr'><strong>Macrob.;</strong></span> 
     </span>
     <span class='ocr_line' id='line_1_38' title="bbox 724 3830 1747 3904; baseline -0.007 -15"><span class='ocrx_word' id='word_1_236' title='bbox 724 3837 835 3889; x_wconf 89' lang='lat' dir='ltr'><strong>Cic.</strong></span> <span class='ocrx_word' id='word_1_237' title='bbox 854 3836 910 3887; x_wconf 88' lang='lat' dir='ltr'><strong>in</strong></span> <span class='ocrx_word' id='word_1_238' title='bbox 925 3835 1038 3888; x_wconf 80' lang='lat' dir='ltr'><strong>Cat.</strong></span> <span class='ocrx_word' id='word_1_239' title='bbox 1063 3854 1116 3904; x_wconf 89' lang='lat'><strong>7.</strong></span> <span class='ocrx_word' id='word_1_240' title='bbox 1136 3833 1272 3886; x_wconf 76' lang='lat' dir='ltr'><strong>Infr.</strong></span> <span class='ocrx_word' id='word_1_241' title='bbox 1289 3834 1390 3897; x_wconf 83' lang='lat' dir='ltr'><strong>IX,</strong></span> <span class='ocrx_word' id='word_1_242' title='bbox 1412 3852 1433 3884; x_wconf 89' lang='lat'>1</span> <span class='ocrx_word' id='word_1_243' title='bbox 1449 3851 1501 3895; x_wconf 68' lang='grc' dir='ltr'><strong>α,</strong></span> <span class='ocrx_word' id='word_1_244' title='bbox 1521 3830 1575 3883; x_wconf 84' lang='grc'><strong>5.</strong></span> <span class='ocrx_word' id='word_1_245' title='bbox 1590 3830 1747 3902; x_wconf 90' lang='lat' dir='ltr'><strong>Supr.</strong></span> 
     </span>
     <span class='ocr_line' id='line_1_39' title="bbox 722 3917 1149 3979; baseline -0.002 -13"><span class='ocrx_word' id='word_1_246' title='bbox 722 3917 802 3967; x_wconf 91' lang='lat' dir='ltr'><strong>1v</strong></span> <span class='ocrx_word' id='word_1_247' title='bbox 820 3954 836 3979; x_wconf 93' lang='lat'>‚</span> <span class='ocrx_word' id='word_1_248' title='bbox 866 3917 895 3968; x_wconf 87' lang='lat'>3</span> <span class='ocrx_word' id='word_1_249' title='bbox 914 3953 930 3979; x_wconf 93' lang='lat'>‚</span> <span class='ocrx_word' id='word_1_250' title='bbox 963 3928 1066 3967; x_wconf 84' lang='lat' dir='ltr'><strong>ext.</strong></span> <span class='ocrx_word' id='word_1_251' title='bbox 1098 3933 1149 3966; x_wconf 83' lang='lat'><strong>2.</strong></span> 
     </span>
    </p>

    <p class='ocr_par' dir='ltr' id='par_1_9' title="bbox 708 3989 1747 4222">
     <span class='ocr_line' id='line_1_40' title="bbox 806 3989 1747 4053; baseline -0.006 -6"><span class='ocrx_word' id='word_1_252' title='bbox 806 4015 854 4047; x_wconf 82' lang='lat'><strong>2.</strong></span> <span class='ocrx_word' id='word_1_253' title='bbox 876 3995 1144 4047; x_wconf 79' lang='lat' dir='ltr'><strong>Certamen.</strong></span> <span class='ocrx_word' id='word_1_254' title='bbox 1164 3994 1333 4045; x_wconf 81' lang='lat' dir='ltr'><strong>Tanta</strong></span> <span class='ocrx_word' id='word_1_255' title='bbox 1349 3991 1448 4044; x_wconf 83' lang='lat' dir='ltr'><strong>suit</strong></span> <span class='ocrx_word' id='word_1_256' title='bbox 1467 3989 1747 4053; x_wconf 79' lang='lat' dir='ltr'><strong>industria,</strong></span> 
     </span>
     <span class='ocr_line' id='line_1_41' title="bbox 719 4075 1746 4146; baseline -0.005 -19"><span class='ocrx_word' id='word_1_257' title='bbox 719 4088 778 4127; x_wconf 87' lang='lat' dir='ltr'><strong>ut</strong></span> <span class='ocrx_word' id='word_1_258' title='bbox 814 4094 934 4127; x_wconf 88' lang='lat' dir='ltr'><strong>cum</strong></span> <span class='ocrx_word' id='word_1_259' title='bbox 965 4075 1077 4146; x_wconf 84' lang='lat' dir='ltr'><strong>ipsa</strong></span> <span class='ocrx_word' id='word_1_260' title='bbox 1100 4093 1278 4126; x_wconf 83' lang='lat' dir='ltr'><strong>rerum</strong></span> <span class='ocrx_word' id='word_1_261' title='bbox 1311 4085 1499 4124; x_wconf 83' lang='lat' dir='ltr'><strong>natura</strong></span> <span class='ocrx_word' id='word_1_262' title='bbox 1523 4083 1746 4123; x_wconf 85' lang='lat' dir='ltr'><strong>certasse</strong></span> 
     </span>
     <span class='ocr_line' id='line_1_42' title="bbox 708 4151 1743 4222; baseline -0.005 -15"><span class='ocrx_word' id='word_1_263' title='bbox 708 4153 966 4207; x_wconf 82' lang='lat' dir='ltr'><strong>videatur.</strong></span> <span class='ocrx_word' id='word_1_264' title='bbox 1002 4187 1081 4197; x_wconf 93' lang='lat'><strong>—-</strong></span> <span class='ocrx_word' id='word_1_265' title='bbox 1117 4152 1330 4222; x_wconf 64' lang='lat' dir='ltr'><strong>Min-{fica</strong></span> <span class='ocrx_word' id='word_1_266' title='bbox 1363 4153 1437 4203; x_wconf 72' lang='lat' dir='ltr'><strong>ille·</strong></span> <span class='ocrx_word' id='word_1_267' title='bbox 1463 4171 1626 4221; x_wconf 79' lang='lat' dir='ltr'><strong>opera.</strong></span> <span class='ocrx_word' id='word_1_268' title='bbox 1666 4151 1743 4202; x_wconf 86' lang='lat' dir='ltr'><strong>Ex</strong></span> 
     </span>
    </p>
   </div>
   <div class='ocr_carea' id='block_1_7' title="bbox 1834 3347 2873 4221">
    <p class='ocr_par' dir='ltr' id='par_1_10' title="bbox 1837 3347 2871 3484">
     <span class='ocr_line' id='line_1_43' title="bbox 1838 3347 2871 3422; baseline 0 -20"><span class='ocrx_word' id='word_1_269' title='bbox 1838 3351 2039 3422; x_wconf 85' lang='lat' dir='ltr'><strong>quippe</strong></span> <span class='ocrx_word' id='word_1_270' title='bbox 2056 3347 2175 3422; x_wconf 63' lang='lat' dir='ltr'><strong>&#39;que</strong></span> <span class='ocrx_word' id='word_1_271' title='bbox 2200 3350 2416 3404; x_wconf 85' lang='lat' dir='ltr'><strong>tertium</strong></span> <span class='ocrx_word' id='word_1_272' title='bbox 2438 3369 2616 3404; x_wconf 85' lang='lat' dir='ltr'><strong>casum</strong></span> <span class='ocrx_word' id='word_1_273' title='bbox 2641 3351 2871 3421; x_wconf 83' lang='lat' dir='ltr'><strong>requirit</strong></span> 
     </span>
     <span class='ocr_line' id='line_1_44' title="bbox 1837 3431 2077 3484; baseline 0.013 -3"><span class='ocrx_word' id='word_1_274' title='bbox 1837 3431 2077 3484; x_wconf 88' lang='lat' dir='ltr'><strong>omnino.</strong></span> 
     </span>
    </p>

    <p class='ocr_par' dir='ltr' id='par_1_11' title="bbox 1838 3508 2869 3662">
     <span class='ocr_line' id='line_1_45' title="bbox 1921 3508 2869 3581; baseline -0.001 -18"><span class='ocrx_word' id='word_1_275' title='bbox 1921 3511 1976 3563; x_wconf 86' lang='grc'><strong>3.</strong></span> <span class='ocrx_word' id='word_1_276' title='bbox 2005 3511 2204 3581; x_wconf 80' lang='lat' dir='ltr'><strong>Iophon.</strong></span> <span class='ocrx_word' id='word_1_277' title='bbox 2234 3508 2395 3575; x_wconf 90' lang='lat' dir='ltr'><strong>Quod</strong></span> <span class='ocrx_word' id='word_1_278' title='bbox 2420 3528 2616 3562; x_wconf 85' lang='lat' dir='ltr'><strong>nomen</strong></span> <span class='ocrx_word' id='word_1_279' title='bbox 2643 3530 2673 3562; x_wconf 91' lang='lat' dir='ltr'><strong>e</strong></span> <span class='ocrx_word' id='word_1_280' title='bbox 2699 3508 2869 3563; x_wconf 77' lang='lat' dir='ltr'><strong>suida</strong></span> 
     </span>
     <span class='ocr_line' id='line_1_46' title="bbox 1838 3589 2869 3662; baseline -0.001 -19"><span class='ocrx_word' id='word_1_281' title='bbox 1838 3590 2068 3643; x_wconf 83' lang='lat' dir='ltr'><strong>restituit</strong></span> <span class='ocrx_word' id='word_1_282' title='bbox 2079 3589 2314 3662; x_wconf 83' lang='lat' dir='ltr'><strong>Pighius.</strong></span> <span class='ocrx_word' id='word_1_283' title='bbox 2334 3590 2438 3641; x_wconf 80' lang='lat' dir='ltr'><strong>Alii</strong></span> <span class='ocrx_word' id='word_1_284' title='bbox 2453 3589 2690 3661; x_wconf 85' lang='lat' dir='ltr'><strong>Sophon.</strong></span> <span class='ocrx_word' id='word_1_285' title='bbox 2705 3590 2869 3642; x_wconf 80' lang='lat' dir='ltr'><strong>Male.</strong></span> 
     </span>
    </p>

    <p class='ocr_par' dir='ltr' id='par_1_12' title="bbox 1834 3668 2873 4221">
     <span class='ocr_line' id='line_1_47' title="bbox 1921 3668 2871 3730; baseline 0 -8"><span class='ocrx_word' id='word_1_286' title='bbox 1921 3677 1973 3730; x_wconf 74' lang='grc'><strong>4.</strong></span> <span class='ocrx_word' id='word_1_287' title='bbox 2007 3669 2290 3723; x_wconf 64' lang='lat' dir='ltr'><strong>Simonides.</strong></span> <span class='ocrx_word' id='word_1_288' title='bbox 2320 3668 2449 3721; x_wconf 89' lang='lat' dir='ltr'><strong>Vid.</strong></span> <span class='ocrx_word' id='word_1_289' title='bbox 2479 3668 2687 3723; x_wconf 84' lang='lat' dir='ltr'><strong>Suidas.</strong></span> <span class='ocrx_word' id='word_1_290' title='bbox 2716 3670 2871 3722; x_wconf 81' lang='lat' dir='ltr'><strong>Vixit</strong></span> 
     </span>
     <span class='ocr_line' id='line_1_48' title="bbox 1839 3748 2873 3820; baseline 0 -19"><span class='ocrx_word' id='word_1_291' title='bbox 1839 3769 1959 3802; x_wconf 85' lang='lat' dir='ltr'><strong>ann.</strong></span> <span class='ocrx_word' id='word_1_292' title='bbox 1986 3753 2077 3818; x_wconf 85' lang='lat'><strong>89.</strong></span> <span class='ocrx_word' id='word_1_293' title='bbox 2106 3748 2406 3803; x_wconf 85' lang='lat' dir='ltr'><strong>Simonides</strong></span> <span class='ocrx_word' id='word_1_294' title='bbox 2429 3762 2589 3820; x_wconf 83' lang='lat' dir='ltr'><strong>poeta</strong></span> <span class='ocrx_word' id='word_1_295' title='bbox 2612 3750 2715 3802; x_wconf 83' lang='lat' dir='ltr'><strong>fuit</strong></span> <span class='ocrx_word' id='word_1_296' title='bbox 2741 3749 2873 3818; x_wconf 79' lang='lat' dir='ltr'><strong>lyri-</strong></span> 
     </span>
     <span class='ocr_line' id='line_1_49' title="bbox 1840 3830 2867 3883; baseline 0 -2"><span class='ocrx_word' id='word_1_297' title='bbox 1840 3849 1932 3883; x_wconf 86' lang='lat' dir='ltr'><strong>cus</strong></span> <span class='ocrx_word' id='word_1_298' title='bbox 1971 3842 2026 3882; x_wconf 87' lang='lat' dir='ltr'><strong>et</strong></span> <span class='ocrx_word' id='word_1_299' title='bbox 2055 3830 2181 3882; x_wconf 83' lang='lat' dir='ltr'><strong>artis</strong></span> <span class='ocrx_word' id='word_1_300' title='bbox 2216 3830 2563 3883; x_wconf 75' lang='lat' dir='ltr'><strong>mnemonicae</strong></span> <span class='ocrx_word' id='word_1_301' title='bbox 2600 3830 2867 3882; x_wconf 84' lang='lat' dir='ltr'><strong>inventor.</strong></span> 
     </span>
     <span class='ocr_line' id='line_1_50' title="bbox 1839 3908 2871 3981; baseline -0.001 -20"><span class='ocrx_word' id='word_1_302' title='bbox 1839 3908 1968 3962; x_wconf 89' lang='lat' dir='ltr'><strong>Vid.</strong></span> <span class='ocrx_word' id='word_1_303' title='bbox 1997 3929 2141 3981; x_wconf 87' lang='lat' dir='ltr'><strong>supr.</strong></span> <span class='ocrx_word' id='word_1_304' title='bbox 2163 3908 2231 3960; x_wconf 89' lang='lat' dir='ltr'><strong>de</strong></span> <span class='ocrx_word' id='word_1_305' title='bbox 2255 3929 2425 3962; x_wconf 88' lang='lat' dir='ltr'><strong>somn.</strong></span> <span class='ocrx_word' id='word_1_306' title='bbox 2453 3922 2507 3961; x_wconf 84' lang='lat' dir='ltr'><strong>et</strong></span> <span class='ocrx_word' id='word_1_307' title='bbox 2527 3910 2766 3962; x_wconf 80' lang='lat' dir='ltr'><strong>miracul.</strong></span> <span class='ocrx_word' id='word_1_308' title='bbox 2788 3942 2871 3951; x_wconf 90' lang='lat'>—</span> 
     </span>
     <span class='ocr_line' id='line_1_51' title="bbox 1840 3987 2873 4048; baseline 0 -8"><span class='ocrx_word' id='word_1_309' title='bbox 1840 3988 2107 4041; x_wconf 80' lang='lat' dir='ltr'><strong>Certamen.</strong></span> <span class='ocrx_word' id='word_1_310' title='bbox 2158 3987 2222 4040; x_wconf 91' lang='lat' dir='ltr'><strong>Id</strong></span> <span class='ocrx_word' id='word_1_311' title='bbox 2269 3990 2371 4041; x_wconf 83' lang='lat' dir='ltr'><strong>suit</strong></span> <span class='ocrx_word' id='word_1_312' title='bbox 2410 3991 2548 4042; x_wconf 82' lang='lat' dir='ltr'><strong>inter</strong></span> <span class='ocrx_word' id='word_1_313' title='bbox 2592 3989 2723 4048; x_wconf 77' lang='lat' dir='ltr'><strong>alia,</strong></span> <span class='ocrx_word' id='word_1_314' title='bbox 2770 4007 2873 4040; x_wconf 80' lang='lat' dir='ltr'><strong>cur</strong></span> 
     </span>
     <span class='ocr_line' id='line_1_52' title="bbox 1835 4067 2870 4140; baseline -0.003 -18"><span class='ocrx_word' id='word_1_315' title='bbox 1835 4069 2007 4123; x_wconf 78' lang='lat' dir='ltr'><strong>Groeci</strong></span> <span class='ocrx_word' id='word_1_316' title='bbox 2023 4068 2153 4121; x_wconf 83' lang='lat' dir='ltr'><strong>adeo</strong></span> <span class='ocrx_word' id='word_1_317' title='bbox 2170 4067 2668 4140; x_wconf 87' lang='lat' dir='ltr'><strong>excellerent‚quod</strong></span> <span class='ocrx_word' id='word_1_318' title='bbox 2686 4086 2870 4121; x_wconf 83' lang='lat' dir='ltr'><strong>coram</strong></span> 
     </span>
     <span class='ocr_line' id='line_1_53' title="bbox 1834 4147 2870 4221; baseline -0.004 -19"><span class='ocrx_word' id='word_1_319' title='bbox 1834 4162 1912 4202; x_wconf 87' lang='lat' dir='ltr'><strong>tot</strong></span> <span class='ocrx_word' id='word_1_320' title='bbox 1969 4149 2212 4219; x_wconf 76' lang='lat' dir='ltr'><strong>gentibus</strong></span> <span class='ocrx_word' id='word_1_321' title='bbox 2269 4151 2451 4221; x_wconf 73' lang='lat' dir='ltr'><strong>graecis</strong></span> <span class='ocrx_word' id='word_1_322' title='bbox 2498 4150 2637 4202; x_wconf 83' lang='lat' dir='ltr'><strong>inter</strong></span> <span class='ocrx_word' id='word_1_323' title='bbox 2680 4147 2870 4200; x_wconf 78' lang='lat' dir='ltr'><strong>doctos</strong></span> 
     </span>
    </p>
   </div>
  </div>
 </body>
</html>
