3143 5204
2249 509 2350 553 VH

237 713 2371 743 mmmmwmmmmmmmmmmmmm

311 961 1185 1086 EDITORIS
1276 944 2279 1080 PRAEFATIO.

238 1391 400 1509 DE
440 1428 746 1503 editionis
774 1425 971 1525 hujus
998 1432 1252 1500 ratione
1281 1444 1481 1524 atque
1513 1432 1815 1499 instituto
1853 1432 2009 1500 satis
2042 1456 2371 1526 superque

234 1558 488 1627 videtur
542 1558 611 1624 in
667 1557 992 1651 prooemio
1034 1551 1408 1625 Voluminis
1460 1555 1817 1649 superioris
1875 1580 2015 1624 esse
2070 1556 2320 1625 dictum
2359 1582 2372 1622 ε

236 1707 441 1776 neque
470 1679 793 1749 habemus
815 1702 1113 1765 necesse,
1138 1679 1191 1746 si
1221 1676 1441 1746 officia
1469 1692 1699 1747 nostra
1728 1679 2014 1774 probare
2038 1681 2374 1775 potuimus

235 1807 383 1874 viris
417 1803 693 1874 eruditis
733 1829 811 1872 ac
849 1802 1256 1899 principibus
1295 1804 1361 1871 in
1402 1802 1534 1873 hoc
1569 1828 1814 1898 genere
1850 1801 2228 1892 literarum,
2263 1819 2378 1889 ut,

235 1954 375 2024 quae
411 1945 575 1998 tunc
614 1931 699 1997 ab
740 1927 919 1997 aditu
957 1926 1217 2023 praefati
1258 1928 1460 1996 simus
1482 1982 1502 2015 ,
1545 1928 1774 1997 eadem
1814 1926 1938 1998 illis
1968 1983 1987 2016 ,
2023 1942 2380 2025 postquam

238 2053 480 2123 intrare
525 2050 899 2138 voluerint,
943 2075 1122 2119 nunc
1166 2066 1731 2146 repraesentemus.
1777 2054 1951 2122 Nam
1995 2051 2159 2121 nihil
2202 2051 2381 2122 aliud

239 2191 333 2244 est
384 2176 517 2246 hoc
564 2170 929 2245 secundum
963 2172 1301 2243 Volumen
1324 2225 1344 2259 ,
1379 2174 1504 2243 nisi
1553 2176 1752 2269 primi
1798 2176 2249 2245 continuatio:
2291 2178 2379 2245 ita

241 2314 312 2367 ut
350 2298 635 2369 alterum
686 2324 765 2367 ex
816 2296 1024 2367 altero
1081 2321 1364 2383 nexum,
1398 2297 1727 2392 amboque
1769 2312 1927 2393 apta
1968 2300 2144 2367 inter
2192 2324 2262 2368 se
2315 2316 2382 2369 et

243 2424 633 2493 cohaerentia
679 2422 1047 2491 videantur.
1087 2422 1277 2490 Prius
1321 2418 1657 2491 Volumen
1710 2422 1965 2516 priores
2023 2447 2136 2491 sex
2183 2422 2386 2493 libros

245 2547 483 2619 Valerii
535 2550 812 2619 Maximi
868 2546 1377 2645 complectitur:
1415 2548 1770 2644 septimus,
1817 2530 2130 2637 octavus,
2171 2574 2389 2620 nonus

249 2674 368 2742 hoc
400 2676 848 2744 continentur.
885 2672 1274 2742 Addidimus
1311 2669 1553 2740 librum
1590 2671 1673 2740 de
1718 2674 2064 2742 nominum
2103 2674 2392 2760 ratione,

251 2798 452 2893 Pighii
511 2797 924 2892 aliorumque
978 2797 1305 2866 editorum
1351 2796 1815 2866 auctoritatem
1870 2799 2091 2891 potius
2141 2799 2398 2883 secuti,

250 2948 440 3016 quam
467 2922 649 3018 quod
671 2923 849 2992 hanc
879 2923 1218 3017 epitomen
1245 2922 1450 3016 ipsius
1468 2919 1717 2990 Valerii
1755 2946 1897 2990 esse
1919 2921 2390 3016 judicaremus,

255 3047 634 3142 Sequuntur
655 3046 906 3115 indices
938 3060 1227 3140 quatuor
1255 3045 1323 3112 in
1348 3042 1689 3113 Valerium
1711 3046 2112 3128 Maximum,
2137 3071 2399 3141 nempe,

258 3186 597 3241 auctorum
639 3195 678 3239 a
713 3171 1036 3265 scriptore
1077 3183 1309 3239 nostro
1354 3166 1774 3238 laudatorum
1801 3224 1820 3256 ,
1859 3170 2344 3265 geographicas
2380 3225 2400 3258 ,

256 3294 596 3364 historicus
651 3293 974 3388 denique;
1029 3307 1368 3388 postremo
1426 3292 1788 3361 verborum
1841 3307 1909 3362 et
1963 3292 2394 3364 locutionum.

260 3419 472 3507 Quam
519 3420 964 3487 accessionem
1000 3416 1166 3485 adeo
1202 3441 1337 3486 non
1374 3440 1614 3485 vereor
1650 3441 1733 3484 ne
1771 3416 2054 3487 lectores
2093 3444 2401 3514 superva-

262 3567 525 3610 caneam
572 3541 1012 3626 arbitrentur,
1057 3555 1132 3607 ut
1188 3540 1409 3634 potius
1454 3539 1537 3607 ab
1581 3539 1708 3609 hac
1762 3556 1952 3635 parte
2012 3540 2207 3611 velim
2259 3568 2401 3612 esse

263 3668 527 3735 omnino
588 3689 817 3735 omnes
879 3663 1195 3733 editiones
1252 3687 1449 3758 quam
1513 3664 2070 3734 instructissimas.
2129 3668 2402 3760 Neque,

266 3805 335 3859 ut
373 3791 507 3860 hoc
558 3805 748 3876 utar,
794 3791 848 3857 si
907 3787 1216 3856 aberrare
1274 3811 1313 3855 a
1370 3786 1574 3858 literis
1640 3786 1856 3858 latinis
1913 3789 1998 3858 ad
2047 3814 2292 3884 graecas
2336 3789 2403 3859 li-

266 3930 474 4002 ceret,
515 3913 799 3984 difficilis
836 3928 1006 3983 esset
1037 3912 1513 3982 demonstratio
1535 3968 1554 3999 ,
1589 3911 1753 3982 nihil
1795 3913 1996 3984 hodie
2033 3913 2176 3983 fieri
2213 3940 2406 4010 posse

269 4039 348 4106 ab
387 4039 655 4108 homine
708 4053 940 4125 acuto,
988 4036 1285 4106 studioso
1312 4090 1330 4122 ‚
1385 4035 1620 4107 litteris
1677 4037 2045 4134 perpolito,
2085 4038 2201 4108 sed
2245 4039 2408 4109 nihil

272 4164 446 4256 quod
467 4165 675 4258 magis
705 4178 960 4259 gratam
1000 4161 1351 4232 utilitatem
1377 4163 1622 4233 habeat
1641 4217 1660 4252 ,
1689 4189 1889 4258 quam
1929 4164 2411 4236 confectionem
