3143 5204
719 540 824 613 90
1060 518 1506 585 VALERII
1562 517 1971 584 MAXIMI
2029 517 2216 584 LIB.
2275 518 2502 584 VIII.

725 674 868 717 mos
919 649 1221 718 habuisse
1272 649 1529 736 fertur;
1575 650 1664 717 sic
1707 674 1791 716 ne
1840 662 2131 717 extrema
2180 648 2444 741 quidem
2500 648 2639 740 ejus
2683 647 2846 714 hora

719 757 1080 849 agitatione
1124 755 1321 824 studii
1357 779 1567 824 vacua
1603 755 1743 823 fuit.

834 865 903 946 4.
949 864 1036 930 At
1070 860 1559 950 Democritus¹,
1595 887 1800 956 quum
1842 859 2083 931 divitiis
2121 864 2374 931 censeri
2407 875 2666 956 posset,
2704 885 2850 954 quae

723 982 924 1037 tantae
966 968 1272 1052 fuerunt,
1304 983 1379 1037 ut
1414 983 1603 1062 pater
1645 969 1785 1061 ejus
1819 971 2054 1038 Xerxis
2094 970 2407 1038 exercitui
2439 966 2710 1063 epulum
2747 966 2853 1034 da·

727 1099 799 1141 re
836 1074 1134 1153 exlfacili
1175 1077 1497 1170 potuerit,
1537 1101 1672 1170 quo
1699 1077 1907 1169 magis
1941 1100 2152 1146 vacuo
2182 1078 2405 1144 animo
2436 1074 2666 1143 studiis
2699 1072 2853 1142 lite-

727 1205 952 1250 rarum
1006 1196 1176 1250 esset
1228 1197 1574 1276 operatus,
1624 1207 1828 1277 parva
1864 1180 2224 1252 admodum
2262 1206 2517 1251 summa
2563 1195 2814 1249 retenta
2836 1235 2856 1266 ,

730 1289 1199 1380 patrimonium
1241 1314 1432 1357 suum
1470 1290 1696 1384 patriae
1740 1289 2029 1357 donavit.
2074 1290 2352 1358 Athenis
2399 1303 2618 1357 autem
2664 1312 2857 1355 com-

729 1390 1029 1486 pluribus
1077 1396 1264 1463 annis
1318 1410 1650 1483 moratus,
1694 1396 1918 1464 omnia
1966 1411 2340 1491 temporum
2389 1409 2724 1463 momenta
2774 1392 2859 1460 ad

731 1500 1220 1593 percipiendam
1256 1516 1323 1570 et
1358 1501 1791 1570 exercendam
1836 1502 2205 1571 doctrinam
2243 1502 2623 1588 conferenS,
2662 1503 2860 1594 igno-

734 1619 841 1674 tus
872 1604 963 1676 illi
992 1607 1141 1674 urbi
1171 1608 1332 1675 vixit
1359 1634 1374 1675 ε
1406 1606 1585 1702 quod
1621 1610 1760 1701 ipse
1788 1609 1857 1676 in
1883 1608 2172 1703 quodam
2206 1607 2538 1677 volumine
2561 1621 2861 1676 testatur.

730 1713 968 1806 Stupet
1001 1722 1188 1783 me'ns
1231 1714 1665 1784 admiratione
1707 1728 1907 1784 tantae
1950 1715 2322 1803 industriae,
2351 1730 2418 1784 et
2448 1715 2586 1809 jam
2630 1716 2868 1782 transit

731 1817 878 1888 alio.
947 1840 950 1845 '

848 1924 912 1997 5.
952 1926 1327 1996 Carneades
1352 1926 1372 1951 ²
1403 1927 1769 1998 laboriosus
1799 1941 1866 1998 et
1892 1928 2241 1998 diuturnus
2275 1930 2606 2021 sapientiae
2640 1926 2825 1996 miles
2852 1955 2867 1992 τ

736 2030 1056 2125 siquidem
1110 2036 1470 2128 nonaginta
1524 2033 1801 2130 expletis
1853 2036 2076 2121 annis,
2125 2035 2300 2104 idem
2346 2033 2438 2102 illi
2480 2033 2744 2103 vivendi
2789 2058 2871 2102 ac

736 2138 1244 2234 philosophandi
1281 2143 1426 2210 finis
1462 2141 1608 2211 fuit.
1645 2144 1749 2210 Ita
1785 2166 1854 2211 se
1894 2141 2244 2210 mirificum
2290 2141 2608 2211 doctrinae
2644 2140 2871 2234 operi-

741 2246 863 2313 bus
901 2246 1240 2316 addixerat
1260 2303 1279 2336 ,
1308 2263 1419 2337 ut,
1452 2274 1663 2342 quum
1690 2248 1821 2319 cibi
1858 2248 2162 2344 capiendi
2199 2272 2396 2318 causa
2432 2247 2874 2331 recubuisset,

738 2354 1247 2447 cogitationibus
1299 2356 1667 2442 inhaerens,
1715 2360 1985 2424 manum
2038 2355 2122 2423 ad
2181 2380 2477 2424 mensam
2530 2354 2874 2448 porrigere

737 2458 1285 2549 oblivisceretur3
1330 2461 1444 2530 sed
1488 2449 1685 2530 eum³
1717 2460 2023 2551 Melissa,
2059 2486 2260 2555 quam
2299 2462 2523 2530 uxoris
2565 2460 2712 2529 loco
2754 2460 2869 2527 ha-

833 2701 883 2733 1.
929 2684 1247 2736 Democritus.
1302 2683 1596 2737 Abderites.
1637 2684 1763 2738 Vid.

745 2762 935 2816 AElian.
969 2764 1049 2814 IV
1069 2801 1085 2828 ,
1120 2782 1211 2817 ao.
1251 2763 1403 2835 Diog.
1449 2764 1624 2817 Laert.
1655 2766 1765 2834 IX,

750 2842 842 2905 34.
855 2875 936 2884 —
953 2843 1119 2896 Pater.
1139 2845 1303 2897 Varia
1325 2845 1630 2897 referuntur
1658 2848 1769 2916 ejus

745 2922 988 2974 nomina:
1009 2923 1389 2994 Hegesistratus
1408 2964 1424 2992 ,
1452 2925 1769 2978 Athenocri-

746 3015 864 3066 tus,
909 3004 1272 3076 Damasippus.
1322 3036 1402 3046 --
1472 3006 1560 3056 Ex
1603 3007 1770 3072 facili.

748 3081 872 3134 Sine
895 3084 1150 3136 molestia.
1182 3086 1284 3150 IV,
1307 3087 1338 3138 8
1357 3123 1372 3150 ,
1402 3103 1423 3136 1
1445 3106 1460 3150 ;
1487 3085 1659 3139 Tacit.
1682 3088 1772 3158 Ag.

757 3163 855 3227 15,
887 3181 952 3227 ως
977 3163 1185 3216 Sallust.
1218 3166 1335 3218 Cat.
1369 3184 1460 3235 ²7·
1486 3197 1567 3206 —-
1587 3167 1778 3236 opem-

750 3253 842 3294 tus.
882 3242 986 3294 Pro
1019 3262 1033 3296 :
1077 3258 1364 3314 operaretur.
1392 3244 1520 3298 Vid.
1546 3246 1684 3310 VII,
1714 3248 1744 3302 3
1762 3286 1778 3312 ,

753 3321 945 3387 63V11
960 3360 975 3387 ‚
1004 3330 1034 3386 4
1056 3363 1072 3391 ,
1096 3326 1146 3377 5.
1176 3325 1418 3378 Perizon.
1438 3326 1653 3397 conjicit
1671 3346 1779 3397 ope-

754 3414 962 3456 raturus.
994 3435 1075 3445 —
1100 3405 1306 3458 Patriae.
1336 3407 1494 3458 Juxta
1516 3406 1645 3459 alios
1672 3407 1778 3459 fra·

752 3481 923 3535 tribus
944 3484 1052 3536 suis
1069 3484 1410 3538 substantiam
1429 3487 1656 3556 partitus
1678 3500 1776 3550 est,

753 3562 939 3633 exigua
963 3577 1109 3634 parte
1126 3565 1226 3617 sibi
1245 3579 1477 3631 retenta,
1503 3585 1606 3637 qua
1630 3585 1779 3636 pere·

754 3663 845 3715 gre
885 3645 1150 3716 proficisci
1175 3659 1378 3718 [posset.
1425 3647 1686 3700 Reversus
1720 3648 1775 3699 in
1828 3666 1837 3696 ι

753 3725 980 3796 patriam
995 3763 1012 3789 ,
1029 3725 1269 3778 cellulam
1293 3727 1349 3779 in
1373 3727 1531 3779 horto
1550 3726 1651 3778 sibi
1672 3726 1776 3779 ele-

756 3805 834 3875 git
859 3805 1041 3876 ibique
1070 3824 1124 3857 se
1150 3805 1391 3873 inclusit,
1419 3820 1479 3860 ut
1505 3826 1534 3858 a
1563 3808 1777 3860 nemine

755 3886 1117 3956 interpellatus
1140 3897 1341 3939 naturae
1358 3885 1777 3958 contemplandae

760 3983 973 4035 operam
1001 3964 1128 4018 dare
1146 3977 1336 4037 posset.
1349 3967 1532 4032 Quum
1547 3967 1777 4020 materiae

760 4045 881 4098 satis
900 4047 1160 4114 praeberet
1177 4045 1386 4099 Abdera
1408 4045 1635 4099 ridendo
1647 4085 1663 4112 ‚
1683 4049 1716 4099 J
1720 4067 1780 4100 u·

760 4125 959 4178 venalis
977 4125 1045 4179 de
1072 4147 1136 4180 eo
1161 4128 1322 4180 refert
1344 4145 1359 4179 :
1389 4153 1409 4174 ι
1427 4129 1665 4198 Perpetuo
1681 4131 1781 4179 risu

756 4205 1023 4278 pulmonem
1040 4209 1228 4275 agitare
1253 4208 1483 4260 solebat.”
1514 4207 1669 4262 Cives
1691 4209 1782 4279 igi-

1855 2697 1943 2736 tur
1969 2684 2052 2736 sui
2077 2684 2309 2737 insanire
2340 2703 2460 2737 eum
2484 2696 2754 2755 putantes,
2782 2681 2879 2734 ad·

1853 2777 2111 2818 vocarunt
2127 2765 2503 2836 Hippocratem
2518 2803 2534 2829 ,
2556 2761 2622 2816 ad
2646 2782 2769 2815 eum
2791 2781 2874 2814 sa-

1854 2843 2092 2898 nandum
2111 2885 2125 2912 ,
2143 2844 2236 2916 qui
2256 2845 2463 2916 cognita
2481 2843 2579 2896 viri
2606 2842 2880 2913 sapientia,

1856 2926 1997 2997 ipsos
2017 2926 2157 2978 cives
2172 2924 2444 2977 helleboro
2465 2924 2742 2976 cerebrum
2756 2941 2884 2994 pur·

1860 3024 1982 3075 gare
2021 3004 2191 3074 jussit.
2220 3003 2349 3056 vid.
2386 3004 2589 3056 Fabi-ic.
2623 3002 2759 3055 Bibl.
2797 3021 2880 3072 gr.

1862 3086 1969 3137 vol.
1994 3086 2079 3150 11,
2111 3103 2230 3156 pag.
2259 3086 2533 3148 608-643.
2562 3083 2746 3134 Plures
2768 3084 2884 3152 ejus

1866 3164 2024 3217 miras
2056 3164 2366 3228 sententias,
2407 3185 2452 3217 e.
2482 3183 2527 3217 c.
2565 3162 2632 3216 de
2662 3163 2885 3225 atomis,

1867 3245 2146 3315 assumpsit
2178 3245 2456 3316 Epicurus,
2472 3242 2599 3295 vid.
2625 3243 2794 3296 Cicer.
2815 3239 2886 3293 de

1868 3325 1935 3378 N.
1966 3326 2031 3377 D.
2065 3325 2109 3377 1.
2147 3324 2297 3377 Obiit
2323 3325 2451 3378 clx
2482 3323 2644 3376 aetatis
2675 3341 2835 3374 anne.

1952 3424 2004 3455 a.
2053 3404 2341 3459 Carneades.
2383 3405 2667 3476 Cyrenaeus
2707 3401 2887 3473 philo·

1865 3484 2063 3555 sophus
2077 3523 2094 3549 ,
2118 3485 2418 3538 Stoicorum
2434 3482 2745 3553 discipulus.
2768 3481 2885 3534 Cic.

1866 3562 2024 3618 Acad.
2060 3565 2104 3617 1.

1948 3645 2002 3698 3.
2053 3645 2201 3698 Eunt.
2244 3645 2394 3697 Hanc
2429 3662 2616 3696 vocem
2655 3641 2890 3694 retinent

1865 3725 2046 3797 scripti
2071 3723 2226 3778 codd.
2253 3724 2557 3778 Perizonius
2578 3735 2753 3774 tamen
2786 3739 2895 3772 ma·

1865 3806 1929 3858 lit
1957 3810 2017 3858 ei.
2055 3805 2344 3858 Torrenius
2384 3823 2512 3856 vero
2543 3801 2756 3872 conjicit
2785 3820 2893 3851 eam

1865 3887 2063 3940 scilicet
2083 3904 2299 3937 manum
2315 3881 2629 3945 Carneadis,
2650 3879 2796 3952 quod
2814 3880 2895 3932 illi

1870 3968 2005 4019 bene
2019 3966 2301 4019 convenire
2315 3963 2528 4017 videtur
2539 3982 2661 4015 cum
2675 3979 2897 4031 sequen-

1870 4047 2031 4113 tibus,
2045 4050 2314 4098 necessat-lis
2329 4045 2487 4098 usibus
2500 4041 2716 4115 aptabat.
2733 4042 2899 4092 Recte

1870 4127 2009 4180 enim
2038 4128 2207 4178 dextra
2233 4127 2427 4177 alterius
2457 4125 2519 4175 ab
2550 4125 2703 4174 altero
2736 4141 2898 4172 neces-

1870 4212 2006 4260 sariis
2038 4210 2199 4278 aptari
2222 4205 2432 4259 videtur
2447 4203 2552 4258 dici
2568 4242 2584 4267 ,
2609 4204 2757 4273 cujus
2773 4199 2900 4252 dex-
