3143 5204
458 500 642 567 CAP.
688 497 853 581 vll,
907 497 1032 565 DE
1084 497 1421 566 STUDIO
1473 502 1589 568 ET
1642 502 2154 571 INDUSTRIA.
2267 503 2371 600 95

362 634 477 714 14.
509 634 655 698 Jam
695 626 936 698 Solon¹
972 644 1220 723 quanta
1258 630 1577 700 industria
1618 633 2027 728 flagraverit,
2061 652 2126 705 et
2169 642 2369 708 versi-

244 737 365 807 bus
415 734 800 832 complexus
845 750 982 822 est,
1033 737 1272 830 quibus
1313 738 1637 832 significat
1677 766 1746 808 se
1795 743 2084 835 quotidie
2127 743 2371 838 aliquid

244 843 687 913 addiscentem
722 867 1098 929 senescere,
1138 858 1205 912 et
1239 868 1549 938 supremo
1576 847 1727 915 vitae
1766 848 1872 917 die
1910 849 2367 921 confirmavit:

241 952 350 1044 qui
386 949 822 1020 assidentibus
856 951 1114 1035 amicis,
1150 965 1219 1019 et
1248 951 1534 1044 quadam
1565 953 1649 1021 de
1676 979 1746 1022 re
1789 980 2158 1024 sermonem
2199 960 2370 1027 inter

241 1082 309 1125 se
347 1056 880 1142 conferentibuS‚
916 1056 1067 1125 fatis
1097 1057 1235 1148 jam
1275 1082 1570 1151 pressum
1617 1076 1820 1155 caput
1859 1061 2138 1145 erexit²;
2169 1066 2367 1133 inter-

241 1177 643 1257 rogatusque
659 1217 678 1249 ‚
716 1179 1140 1258 quapropter
1166 1164 1587 1256 idfeciswet,
1622 1167 1964 1262 respondit
1994 1194 2008 1235 ε
2045 1174 2132 1237 Ut
2162 1196 2368 1264 quum

238 1271 458 1355 istud,
505 1270 844 1364 quidquid
871 1286 1004 1355 est,
1048 1270 1135 1338 de
1164 1294 1301 1363 quo
1333 1271 1701 1366 dclcputatrk
1714 1327 1735 1359 ,
1761 1298 2139 1368 percepero
2159 1330 2180 1362 ‚
2227 1304 2367 1347 mo·

237 1383 400 1446 riar.
441 1379 793 1470 Migrasset
819 1376 1119 1471 profecto
1143 1401 1222 1445 ex
1249 1377 1627 1447 hominibus
1649 1380 1882 1448 inertia
1900 1434 1919 1466 ‚
1952 1383 2005 1449 si
2043 1408 2122 1450 eo
2147 1385 2369 1453 animo

238 1485 441 1552 vitam
484 1483 1026 1577 ingrederentur,
1060 1509 1192 1576 quo
1232 1509 1378 1552 eam
1417 1483 1620 1553 Solon
1654 1511 1953 1580 egressus
1983 1503 2099 1557 est.

352 1615 375 1660 1
401 1587 467 1661 5.
489 1590 711 1677 Quam
743 1616 945 1684 porro
974 1589 1334 1658 industrius
1359 1579 1892 1679 Themistocles³‚
1921 1597 2033 1688 qui
2064 1598 2370 1666 maxima-

238 1723 384 1765 rum
411 1722 635 1765 rerum
666 1720 826 1765 cura
854 1696 1223 1783 districtus,
1248 1697 1545 1766 omnium
1574 1713 1795 1767 tamen
1819 1701 2061 1769 civium
2094 1728 2365 1773 suorum

239 1806 505 1872 nomina
536 1805 851 1872 memoria
881 1803 1414 1897 comprehendit,
1442 1830 1561 1898 per
1591 1831 2046 1900 summamque
2075 1811 2369 1903 iniquita-

237 1925 365 1979 tem
392 1913 609 2005 patria
631 1908 857 2004 pulsus
874 1963 893 1994 ,
927 1924 994 1978 et
1019 1909 1103 1978 ad
1127 1912 1414 1980 Xerxem
1435 1965 1454 1997 ,
1487 1937 1686 2005 quem
1718 1912 1916 2006 paulo
1939 1929 2091 1983 ante
2121 1916 2369 1986 device-

239 2031 371 2103 rat,
401 2017 763 2112 confugere
790 2031 1058 2085 coactus
1079 2072 1098 2104 ‚
1125 2020 1506 2111 priusquam
1540 2020 1607 2086 in
1640 2036 2067 2114 conspectum
2100 2024 2239 2116 ejus
2266 2049 2369 2092 ve·

240 2126 443 2209 niret,
480 2125 738 2217 persico
766 2126 1054 2193 sermoni
1083 2148 1153 2193 se
1181 2123 1526 2194 assuefecit
1552 2152 1570 2209 ς
1610 2141 1686 2195 ut
1719 2124 1946 2196 labore
1976 2143 2166 2222 parta
2196 2154 2368 2198 com-

240 2231 689 2317 mendatione,
720 2232 914 2325 regiis
941 2231 1209 2300 auribus
1237 2230 1622 2301 familiarem
1653 2248 1722 2302 et
1757 2248 2089 2303 assuetum
2128 2262 2362 2304 sonum

240 2339 413 2407 vocis
447 2326 864 2409 adhiberet⁴l

349 2442 461 2512 16.
499 2445 710 2536 Cujus
753 2447 1094 2538 utriusque
1136 2447 1469 2516 industriae
1505 2446 1767 2516 laudem
1815 2448 1947 2516 duo
1990 2474 2177 2543 reges
2214 2475 2365 2545 par-

238 2552 332 2620 titi
376 2565 573 2638 sunt,
614 2538 870 2645 Cyrus⁵
910 2554 1205 2622 omnium
1246 2553 1526 2623 militum
1569 2580 1839 2624 suorum
1878 2557 2144 2625 nomina
2173 2611 2192 2645 ,
2238 2560 2365 2627 Mi-

237 2658 551 2728 thridates
587 2657 868 2729 duarum
907 2675 974 2729 et
1010 2662 1244 2756 viginti
1286 2663 1578 2756 gentium
1599 2716 1619 2750 ,
1658 2688 1803 2756 quae
1836 2663 1959 2732 sub
1996 2689 2202 2758 regno
2223 2669 2364 2759 ejus

235 2919 372 2960 tanta
397 2917 533 2958 esset
553 2903 748 2956 artium
771 2901 1035 2954 aemnlatio
1059 2913 1111 2952 et
1135 2918 1253 2953 cer-

233 3001 402 3041 tamen
423 3025 439 3051 ,
483 3003 584 3037 nec
620 2984 792 3037 solum
829 2982 1145 3035 athletarum
1184 2979 1253 3033 de

235 3069 433 3121 viribus
459 3064 719 3136 eorporis.

314 3167 363 3202 1.
378 3147 547 3201 Solon.
571 3145 684 3198 Cic.
703 3144 760 3195 in
780 3141 893 3194 Cat.
926 3144 958 3194 8
976 3161 992 3207 3
1016 3141 1252 3194 Stobaeus

234 3247 383 3282 serm.
426 3244 533 3295 29;
567 3225 718 3278 Plato
748 3224 804 3275 in
833 3223 1061 3275 Lachete
1096 3233 1149 3274 et
1184 3219 1250 3274 de

234 3327 339 3380 rep.
370 3328 425 3378 7.
456 3302 621 3377 Apud
642 3303 1137 3374 Platonemlegitur,
1155 3301 1250 3354 So·

233 3389 403 3442 ionem
420 3388 580 3439 etiam
603 3383 926 3438 omninibus
953 3383 1252 3455 praestitisse

166 3485 174 3492 ·
234 3469 318 3521 ina
347 3480 515 3521 aetate.
540 3498 620 3507 —
649 3465 891 3516 Versibus.
927 3464 1166 3534 Γηράσκω
1197 3460 1252 3516 ὃ*

236 3549 306 3600 ἀεὶ
329 3549 488 3600 mu&
518 3541 901 3615 ‹Mandu-204.

311 3647 362 3680 α.
403 3629 601 3679 Erexit.
626 3626 779 3695 Pigh.
809 3622 980 3677 edidit
1013 3627 1251 3691 erigeret,

234 3706 372 3776 quod
412 3708 461 3759 ei
508 3703 806 3758 faciendum
844 3702 1158 3767 videbatur,
1193 3715 1255 3754 ut

235 3787 413 3840 melius
437 3784 786 3858 responderet
801 3785 920 3837 voci
946 3802 1087 3854 quum
1103 3822 1117 3844 ‚
1153 3801 1253 3853 pro

233 3884 357 3936 qua,
390 3881 450 3920 ut
475 3865 627 3919 MSS.
658 3866 896 3938 plerique
921 3865 1146 3927 habent5
1170 3865 1253 3934 qui

231 3945 518 4000 Tou-enias
540 3946 729 3998 maluit
754 3959 807 3997 et
825 3943 1081 4015 reposuit.

311 4029 363 4081 3.
398 4026 753 4080 Themistocles.
791 4025 903 4078 Cic.
937 4025 995 4076 in
1027 4024 1144 4076 Cat.
1183 4039 1249 4090 73

236 4105 362 4160 Plut.
391 4120 447 4160 et
462 4108 645 4178 Nepos
663 4106 720 4157 in
746 4106 869 4170 vit.;
888 4103 1114 4170 Quintil.
1140 4102 1218 4153 xl
1235 4139 1251 4166 ‚

240 4202 301 4248 2,
333 4189 422 4240 50.
455 4183 705 4254 Thucyd.
733 4186 791 4248 I,
837 4186 929 4246 38.
956 4217 1031 4226 --
1055 4184 1111 4236 In
1142 4183 1255 4231 coa'-

1339 2911 1564 2969 spectum.
1584 2899 1689 2950 Alii
1715 2903 1765 2951 in
1790 2912 2036 2970 conspectu
2053 2940 2067 2966 ‚
2089 2900 2233 2972 quod
2256 2923 2365 2956 non

1340 2981 1518 3033 minus
1528 2992 1671 3032 recte
1683 2978 1898 3033 dicitur.
1916 2979 2095 3033 Motus
2110 2980 2173 3032 ad
2188 2983 2365 3036 locum

1339 3078 1463 3112 casu
1478 3059 1639 3112 etiam
1652 3071 1800 3113 sexto
1813 3098 1829 3125 ,
1849 3072 1908 3113 ut
1922 3074 2103 3113 contra
2119 3075 2294 3116 motus
2309 3065 2365 3116 in

1339 3139 1458 3192 loco
1471 3157 1593 3193 casu
1618 3141 1774 3193 etiam
1801 3153 1991 3212 quarto
2008 3180 2023 3207 ‚
2043 3140 2365 3212 designatur.

1339 3251 1422 3262 ——-
1452 3219 1697 3272 &tamna
1735 3220 1969 3285 Quidam
2007 3227 2226 3273 sermoni.
2262 3225 2367 3278 Sed
2406 3267 2411 3272 ,

1340 3299 1450 3352 vid.
1481 3301 1612 3353 Caes.
1639 3298 1707 3352 de
1727 3301 1874 3353 Bello
1906 3301 2047 3355 Gall.
2075 3304 2174 3367 IV,
2217 3324 2238 3356 r
2267 3343 2283 3368 ‚
2313 3319 2369 3358 et

1340 3398 1473 3449 quos
1503 3381 1689 3432 Duker
1716 3380 1842 3434 citat
1871 3379 1937 3433 ad
1970 3382 2012 3434 F
2014 3383 2111 3435 lor.
2145 3385 2199 3448 1,
2234 3402 2286 3451 1,
2312 3405 2366 3455 7.

1425 3466 1455 3522 ά
1466 3498 1480 3511 .
1496 3457 1779 3514 Adhib'eret.
1794 3462 1838 3513 Ι.
1850 3480 1898 3514 e.
1909 3462 2198 3516 exhiberet.
2214 3465 2365 3518 Curt.

1341 3542 1445 3607 IX,
1475 3561 1503 3593 ιι
1522 3579 1539 3605 ,
1573 3542 1676 3606 253
1704 3542 1841 3593 Plin.
1862 3543 1916 3608 1,
1938 3561 2022 3613 ep.
2048 3543 2137 3594 25.
2160 3542 2368 3614 Cuique

1341 3620 1485 3692 genti
1504 3640 1597 3673 sua
1618 3621 1796 3692 lingua
1816 3621 1871 3673 in
1898 3623 2089 3693 pretio,
2110 3622 2250 3674 Hinc
2268 3642 2366 3674 no-

1342 3715 1394 3753 ta
1424 3718 1437 3754 :
1463 3700 1668 3753 animos
1696 3713 1999 3753 exterorum
2041 3700 2184 3753 haud
2218 3702 2369 3756 facile

1342 3780 1634 3846 devinciri,
1663 3781 1767 3833 nisi
1784 3781 1998 3833 vinculo
2013 3781 2105 3833 illo
2124 3782 2369 3835 humanae

1343 3861 1604 3915 societatis
1619 3897 1636 3923 ‚
1655 3861 1833 3931 lingua
1853 3860 1975 3913 dico
1993 3861 2364 3916 conciliati-icc.

1427 3941 1476 3995 5.
1522 3941 1695 4014 Cyrus.
1731 3940 1859 3994 vid.
1898 3941 2034 3994 Plin.
2075 3941 2181 3991 VII
2205 3974 2222 4000 ‚
2261 3949 2363 4007 243

1343 4022 1519 4086 XXV,
1568 4041 1637 4086 ²3
1675 4022 1922 4093 Xenoph.
1966 4017 2249 4091 Cyropaed.
2282 4023 2366 4086 V;

1341 4102 1528 4166 Quint.
1556 4103 1671 4167 XI,
1698 4122 1754 4166 α,
1779 4102 1883 4167 5ος
1910 4100 2077 4153 Solin.
2100 4119 2160 4170 7;
2186 4101 2365 4154 Aurei.

1345 4182 1485 4234 Vict.
1515 4185 1622 4251 765
1656 4182 1794 4236 Gell.
1823 4181 1984 4235 XVII
2004 4219 2021 4246 ,
2062 4200 2159 4251 173
2191 4182 2366 4236 Amm-
