3143 5204
788 457 875 502 ιο
1129 428 1580 501 VALERII
1646 431 2057 499 MAXIMI
2112 433 2302 502 LIB.
2361 436 2547 503 VII.

756 568 1113 661 pervenere
1139 563 1398 639 dicebat
1416 618 1435 652 ,
1477 568 1601 659 qui
1629 561 1709 633 id
1743 579 2059 658 agerent,
2102 580 2181 633 ut
2215 567 2457 658 quales
2495 567 2722 638 videri
2757 575 2897 642 vel-

768 673 944 757 lent,
985 665 1161 739 tale's
1196 666 1403 739 ἑιίαιη
1440 686 1699 740 essent.-
1732 693 1862 764 qua
1900 667 2163 764 quidem
2199 671 2663 764 praedicatione
2706 700 2897 771 aper·

767 792 832 847 te
858 777 1199 864 monebat,
1228 791 1303 844 ut
1332 778 1633 846 homines
1664 777 1870 870 ipsam
1905 778 2121 870 potius
2149 778 2466 847 virtutem
2496 778 2896 872 haurirent‘,

766 908 964 978 quam
996 883 1299 951 umbram
1329 884 1468 976 ejus
1495 897 2050 953 consectarentur.
2077 882 2263 951 Idem
2292 885 2375 952 ab
2405 884 2897 959 adolescentulo

765 990 1053 1085 quodam
1097 988 1469 1074 consultus,
1508 1019 1543 1053 «
1574 986 1832 1057 utrum²
1866 1013 2139 1058 uxorem
2177 989 2485 1079 duceret,
2521 1016 2607 1061 an
2642 1017 2714 1062 se
2742 1022 2893 1065 om-

767 1098 834 1164 ni
859 1098 1279 1166 matrimonio
1310 1096 1701 1180 abstineret3
1729 1125 1764 1160 »
1807 1095 2173 1190 respondit,
2208 1125 2243 1161 «
2281 1112 2504 1167 utrum
2533 1123 2764 1191 eorum
2799 1102 2893 1171 fe·

765 1204 988 1290 cisset,
1015 1217 1317 1272 acturum
1345 1203 1818 1297 poenitentiam.
1852 1187 2010 1272 Hic³
2047 1218 2142 1289 te,
2171 1204 2414 1297 inquit,
2439 1204 2754 1293 solitudo,
2784 1207 2895 1278 hic

765 1309 1052 1397 orbium,
1093 1310 1202 1379 hic
1238 1311 1493 1406 generis
1534 1310 1868 1397 interitus,
1907 1310 2019 1378 hic
2054 1309 2247 1378 heres
2277 1309 2526 1381 alienus
2567 1315 2891 1408 excipiet:

762 1413 892 1486 illic
921 1431 1239 1511 perpetua
1275 1415 1680 1502 sollicitudO,
1712 1429 2057 1486 contextus
2088 1415 2502 1510 querelarum
2525 1471 2546 1505 ‚
2579 1418 2752 1489 dotis
2781 1445 2893 1489 ex·

655 1516 663 1525 ’
761 1522 1102 1617 probratio
1130 1578 1151 1611 ‚
1202 1523 1500 1593 affinium
1544 1547 1747 1618 grave
1771 1509 1795 1553 ⁴
1847 1521 2268 1617 supercilium
2293 1577 2312 1611 ,
2355 1504 2619 1618 'garrula
2666 1550 2896 1599 socrus

762 1627 986 1724 lingua
1011 1683 1029 1716 ,
1075 1631 1415 1701 subsessor
1463 1629 1656 1699 alieni
1707 1631 2107 1700 matrimonii
2130 1683 2151 1717 ‚
2199 1632 2491 1701 incertus
2533 1630 2894 1704 liberorum

761 1751 1109 1806 eventus.»
1138 1740 1294 1807 Non
1319 1762 1547 1833 passus
1569 1751 1670 1807 est
1693 1735 2007 1829 juvenem
2031 1738 2101 1805 in
2123 1751 2437 1807 contextu
2466 1762 2689 1809 rerum
2713 1764 2894 1835 aspe-

760 1866 982 1912 rarum
1001 1896 1020 1932 ‚
1061 1847 1243 1938 quasi
1282 1843 1447 1915 laetae
1481 1844 1772 1913 materiae
1813 1844 2030 1912 facere
2065 1826 2413 1914 deiectum.

862 1975 1080 2063 Idem,
1124 2003 1331 2072 quum
1369 1976 1868 2047 Atheniensium
1904 1974 2221 2045 scelerata
2265 1975 2594 2045 dementia
2634 1979 2889 2047 tristem

754 2081 838 2150 de
867 2085 1079 2178 capite
1123 2085 1263 2178 ejus
1300 2085 1691 2153 sententiam
1733 2081 2022 2169 tulisset5
2057 2082 2340 2177 fortique
2376 2085 2598 2152 animo
2634 2097 2703 2152 et
2742 2108 2892 2153 con·

750 2192 951 2258 stanti
975 2189 1160 2259 vultu
1194 2192 1531 2285 potionem
1554 2192 1795 2259 veneni
1821 2214 1860 2258 e
1894 2176 2135 2258 manu⁵
2174 2189 2501 2261 carnificis
2528 2192 2891 2284 accepisset

750 2295 1020 2366 admoto
1049 2299 1187 2393 jam
1226 2298 1425 2369 flabris
1467 2296 1746 2394 pocu10‚
1772 2299 1963 2366 uxori
2001 2297 2405 2391 Xanthippae
2444 2299 2617 2366 inter
2657 2296 2887 2367 fletum

831 2517 881 2553 1.
910 2499 1194 2554 Hom-inm,
1223 2500 1373 2555 Hanc
1398 2519 1586 2554 vooem
1610 2498 1764 2570 Pigh.
1855 2499 1944 2563 11,
1967 2517 2017 2565 1,
2037 2499 2088 2553 5.
2115 2497 2372 2552 «Subsedit
2388 2499 2629 2562 adulter„
2657 2499 2888 2571 nitvirg.

743 2593 1088 2653 expunxerat.
1127 2581 1286 2636 Male.
1329 2583 1544 2635 Haut-ire
1576 2580 1767 2651 saepius
1853 2611 1935 2623 —
1964 2580 2144 2633 Incerti
2171 2580 2420 2634 liberorum
2452 2592 2657 2633 annues.
2690 2579 2889 2634 Nonne

741 2659 934 2713 Noster
951 2659 1019 2714 de
1041 2663 1219 2715 animo
1237 2660 1766 2734 usurpat.Vid.VIII‚
1845 2673 2104 2731 proventus
2118 2668 2148 2712 Ρ
2168 2679 2324 2733 quam
2348 2680 2533 2714 vocem
2560 2672 2701 2714 amnt
2724 2659 2889 2712 Vale-

746 2757 814 2809 7,
847 2753 952 2793 ext.
989 2759 1047 2806 13
1080 2743 1133 2806 1,
1160 2761 1215 2813 7,
1247 2756 1351 2796 ext.
1390 2762 1437 2796 1.

824 2840 874 2874 π.
910 2819 1097 2874 Utrum.
1139 2823 1357 2894 Pighius
1398 2812 1639 2887 induxit,
1672 2820 1765 2875 sed

740 2899 829 2952 hic
843 2900 1181 2955 retinendum
1197 2922 1306 2956 esse
1320 2902 1515 2957 docent
1527 2904 1639 2956 fere
1656 2921 1770 2955 om·

738 2997 832 3031 nes
869 2979 1024 3034 MSS.
1057 2994 1110 3035 et
1146 2983 1221 3036 sic
1251 3003 1388 3055 saepe
1419 2981 1763 3036 Noster-vid.

739 3059 1026 3134 infraVH,
1058 3081 1109 3124 2,
1138 3075 1243 3117 ext.
1282 3084 1331 3117 ι.
1360 3098 1431 3106 -
1469 3065 1637 3117 Omm‘-
1673 3061 1764 3114 Al-

739 3138 840 3192 dus
870 3139 1041 3194 edidit
1065 3148 1283 3208 omnino,
1311 3142 1457 3216 quod
1469 3144 1765 3196 Torrenius

749 3238 860 3273 non
886 3221 1172 3289 improbat.

826 3300 877 3353 3.
909 3302 1009 3353 Hic
1134 3299 1533 3368 iuic.vid.V‚'1‚
1559 3322 1605 3357 1.
1625 3303 1765 3356 Hele

738 3382 989 3452 perpauci
1018 3381 1171 3436 MSS.
1204 3384 1315 3436 hinc
1350 3424 1394 3437 ..
1414 3424 1428 3436 .
1450 3422 1462 3435 .
1501 3384 1651 3436 illinc.
1686 3416 1764 3425 —

740 3461 919 3534 Inquit.
954 3461 1135 3517 Simile
1165 3463 1296 3536 quid
1326 3464 1589 3536 Diogenes
1627 3461 1765 3516 dixit

739 3560 836 3611 per
861 3539 1113 3597 dilemma
1138 3561 1153 3597 ε
1187 3571 1210 3593 ι
1232 3545 1276 3598 si
1301 3545 1582 3617 pulchram
1607 3542 1766 3597 duxe-

736 3621 812 3674 ris
823 3661 839 3690 ‚
856 3641 1193 3677 communem
1212 3625 1431 3680 habebis
1446 3645 1462 3691 3
1486 3625 1567 3678 sin
1587 3634 1763 3678 autem

738 3714 948 3773 turpem
964 3737 981 3765 ‚
1009 3722 1237 3775 poenam.
1263 3732 1283 3752 ι

819 3788 872 3844 4.
898 3783 1079 3838 Grave.
1105 3786 1413 3839 Potentiam
1436 3798 1489 3838 te
1512 3784 1605 3838 tali
1630 3804 1762 3837 uxo·

734 3879 794 3913 re
812 3860 1110 3935 indignum.
1127 3898 1208 3909 --
1220 3867 1410 3920 Soet-us.
1426 3863 1588 3931 Quod
1603 3866 1761 3918 etiam

732 3943 766 3994 J
768 3945 1004 3998 uvenulis
1021 3984 1032 4003 ‚
1061 3946 1153 4000 sed
1176 3948 1310 4000 male
1324 3984 1341 4013 ‚
1365 3948 1541 4001 innuit
1563 3963 1579 3999 ε

788 4024 1035 4076 vespm-d·
1056 4027 1128 4068 tibi
1149 4029 1253 4068 ulva
1269 4028 1474 4066 emordi-
1491 4037 1615 4065 socru.

735 4137 812 4148 --
832 4105 1101 4162 subsessor.
1125 4107 1425 4162 Insidiator.
1455 4105 1585 4161 vid.
1613 4126 1755 4179 supr.

1850 2739 1989 2794 rius:
2013 2740 2135 2794 vide
2159 2761 2316 2814 supra
2331 2742 2439 2806 Vl,
2458 2760 2512 2810 9,
2536 2741 2587 2795 5-
2612 2742 2691 2792 De
2707 2739 2887 2793 Socru-

1852 2825 1915 2872 tis
1958 2834 2106 2874 morte
2142 2823 2258 2893 lege
2295 2823 2566 2875 Laertium
2581 2859 2599 2885 ‚
2648 2820 2887 2874 Platonis

1852 2900 2032 2954 Phaed.
2048 2915 2102 2955 et
2115 2901 2531 2956 Mendelssohnii
2546 2902 2745 2954 librum
2757 2918 2888 2972 pro-

1851 2981 2246 3035 stantissimum.
2269 2982 2336 3034 Et
2356 2983 2410 3034 in
2434 2982 2538 3035 hoc
2550 2977 2885 3033 venerandus

1850 3060 2113 3127 Socrates,
2148 3059 2292 3133 quod
2311 3101 2326 3127 ‚
2363 3079 2531 3132 quum
2570 3057 2729 3113 XXX
2771 3058 2885 3113 dies

1849 3141 2083 3195 inclusus
2107 3155 2239 3194 esset
2258 3143 2456 3194 carceri
2471 3180 2489 3205 ‚
2507 3152 2698 3212 sponte
2724 3139 2883 3193 finire

1849 3222 2011 3274 vitam
2045 3222 2240 3285 noluit,
2280 3219 2370 3274 sed
2415 3221 2719 3290 αὐτοχειρίαν
2754 3221 2882 3273 abo·

1849 3301 2081 3354 minatus
2096 3338 2112 3363 .
2134 3301 2360 3372 patienti
2381 3314 2434 3354 et
2455 3299 2882 3355 constantissimo

1850 3382 2061 3446 animo,
2083 3380 2215 3435 dum
2246 3394 2458 3436 vocaret
2481 3381 2765 3433 hominum
2785 3399 2881 3451 pa·

1850 3473 1931 3514 ter
1948 3499 1964 3526 ‚
1989 3462 2324 3534 exspectavit.
2349 3460 2481 3514 vid.
2504 3461 2618 3515 Cic.
2644 3461 2804 3513 Tusc.
2831 3460 2876 3512 1.

1849 3542 1982 3606 Qua
2009 3544 2171 3596 verba
2197 3543 2286 3596 hic
2309 3542 2556 3595 Valerius
2583 3542 2881 3611 Xanehqopoe

1847 3620 1996 3677 addit
2010 3661 2026 3688 ‚
2052 3622 2356 3693 Apollodoro
2379 3622 2471 3676 alii
2495 3619 2819 3675 adscribunt.

1932 3702 1983 3757 5.
2004 3705 2057 3757 E
2074 3723 2233 3756 manu.
2256 3703 2444 3774 Copes.
2465 3715 2690 3773 uterque
2707 3697 2875 3753 Meid.

1847 3782 1999 3836 Leid.
2030 3785 2191 3855 prim.
2218 3783 2418 3835 habent
2443 3783 2505 3834 de
2526 3800 2698 3843 mama,
2727 3776 2878 3852 quod

1846 3881 1956 3917 non
1978 3861 2337 3935 spernendum
2356 3863 2622 3917 Tor-renio
2642 3858 2873 3913 videtur.

1846 3942 1981 3997 Sati·
1995 3945 2139 3997 enim
2147 3955 2338 3996 notum
2352 3956 2431 3997 est
2443 3941 2871 4015 propositionem

1847 4024 1907 4076 dc
1925 4043 2064 4096 sape
2089 4042 2191 4096 pro
2210 4044 2239 4075 e
2255 4025 2337 4076 vel
2359 4044 2419 4075 ea:
2440 4023 2586 4096 poni.
2605 4019 2732 4076 vid.
2756 4019 2871 4075 Cic.

1850 4103 1917 4157 ad
1944 4107 2068 4159 fem.
2082 4104 2192 4156 v11
2208 4143 2223 4170 ,
2255 4103 2306 4156 5.
