3143 5204
783 484 923 554 180
1155 483 1602 552 VALERII
1658 484 2073 553 ΜΑΧΙΜΙ
2130 489 2320 555 LIB.
2375 491 2510 556 IX.

769 616 1201 700 constitisset,
1266 616 1621 708 repentinae
1682 640 1883 685 morae
1942 641 2208 687 causam
2267 623 2635 715 requisivit3
2692 639 2758 692 et
2811 642 2885 694 ut

768 722 1119 816 comperit,
1157 746 1398 815 corpus
1430 722 1638 815 patris
1675 724 1813 791 Ser.
1842 722 2036 791 Tullii
2064 726 2258 795 occisi
2288 727 2374 796 ibi
2397 728 2647 821 jacere,
2684 755 2882 826 supra

763 828 830 896 id
891 825 1266 896 vehiculum
1323 826 1475 895 duci
1532 829 1759 920 jussit,
1824 854 1957 948 quo
2011 830 2284 901 celerius
2346 835 2415 901 in
2463 836 2883 930 complexum

763 932 1232 1002 interfectoris¹
1264 934 1405 1026 ejus
1428 935 1765 1027 Tarquinii
1798 935 2091 1004 veniret.
2123 963 2254 1032 qua
2283 953 2416 1008 tam
2441 942 2678 1035 impia,
2714 958 2883 1012 tam-

762 1065 891 1133 que
930 1040 1250 1134 probrosa
1289 1038 1731 1126 festinatione,
1776 1065 1910 1109 non
1952 1040 2162 1112 solum
2201 1069 2270 1113 se
2305 1060 2546 1114 aeterna
2579 1048 2885 1136 infamia,

761 1147 876 1215 sed
926 1147 1143 1241 ipsum
1195 1145 1393 1213 etiam
1442 1145 1660 1214 vicum
1714 1150 2107 1241 cognomine
2160 1150 2457 1221 sceleris²
2502 1178 2883 1225 commacu—

759 1251 937 1321 lavit.

871 1410 936 1454 2.
977 1385 1132 1454 Non
1173 1397 1309 1452 tam
1345 1398 1533 1453 atrox
1575 1399 1675 1453 est
1719 1387 1795 1455 C.
1825 1374 2165 1458 Fimbriae³
2211 1388 2457 1460 factum
2495 1406 2562 1460 et
2593 1391 2882 1462 dictum·
2866 1449 2885 1479 ,

758 1491 874 1562 sed
915 1491 968 1560 si
1005 1516 1125 1585 per
1159 1514 1228 1559 se
1265 1491 1650 1576 aestimetur,
1677 1506 2031 1587 utrumque
2067 1494 2605 1581 audacissimum·
2636 1498 2703 1567 id
2730 1526 2881 1594 ege-

759 1583 923 1686 rat⁴,
969 1611 1043 1665 ut
1080 1594 1431 1666 Scaevola
1413 1622 1483 1663 ιιι
1530 1596 1762 1666 funere
1815 1598 1890 1667 C.
1944 1601 2139 1668 Marii
2182 1601 2625 1696 jugularetur,
2681 1631 2880 1699 quem

756 1718 1107 1799 postquam
1155 1727 1237 1771 ex
1292 1700 1565 1772 vulnere
1621 1719 1989 1774 remeatum
2041 1711 2395 1802 comperit,
2436 1735 2747 1781 accusare
2798 1713 2880 1781 ad

756 1808 1078 1905 populum
1115 1809 1395 1878 instituit
1425 1834 1438 1877 :
1467 1810 1909 1905 interrogatus
1937 1812 2203 1900 deinde,
2233 1816 2405 1909 quid
2423 1816 2511 1885 de
2541 1844 2622 1886 eo
2651 1807 2881 1888 secus⁵

754 1918 1058 1987 dicturus
1098 1931 1318 2002 esset,
1378 1922 1493 1985 cui
1530 1941 1676 2010 pro
1714 1923 2087 1987 sanctitate
2135 1945 2392 1991 morum
2440 1929 2614 1992 satis
2665 1926 2880 2019 daegrna

754 2023 1069 2093 laudatio
1100 2021 1297 2091 reddi
1329 2044 1469 2090 non
1479 2039 1769 2116 posset:
1806 2024 2175 2119 respondit,
2202 2052 2278 2096 se
2303 2027 2718 2120 objecturum
2745 2035 2874 2119 illc,

594 2164 602 2173 -
711 2194 718 2205 ,
752 2129 946 2224 quod
962 2112 1292 2224 parcms⁶
1323 2152 1610 2223 corpore
1648 2131 1851 2199 telum
1882 2137 2259 2228 recepisset.
2301 2135 2667 2207 Licentiam
2709 2137 2882 2207 furo-

756 2238 845 2306 ris
882 2259 1074 2330 aegrae
1111 2233 1484 2329 reipublicae
1521 2235 1769 2328 gemitu
1804 2236 2362 2332 prosequendam!

866 2367 930 2440 3.
975 2370 1053 2437 L.
1087 2392 1245 2437 vero
1277 2366 1600 2437 Catilina⁷
1643 2369 1710 2435 in
1748 2384 1979 2439 senatu
2014 2373 2109 2446 M.
2147 2374 2469 2444 Cicerone
2502 2377 2874 2448 incendium

754 2476 839 2545 ab
897 2476 1043 2570 ipso
1100 2474 1455 2543 exeitatum
1506 2472 1763 2551 dicente
1784 2527 1804 2561 ,
1857 2467 2090 2549 Sentio
2109 2532 2131 2564 ,
2196 2481 2407 2575 inquit
2429 2536 2450 2569 ‚
2493 2500 2563 2550 et
2603 2485 2874 2577 qza’dem

828 2705 1599 2776 1.Inte1sectoris.Quisocerum
1612 2706 1769 2760 ineu
1821 2709 2091 2767 :dederam
2119 2715 2204 2769 Sic
2227 2716 2536 2790 legendum,
2562 2740 2670 2774 non
2699 2735 2758 2775 ut
2787 2721 2874 2776 Pi-

755 2794 834 2848 ria
856 2788 1092 2844 medium
1113 2787 1446 2857 complexum
1464 2803 1560 2857 per
1579 2785 1770 2856 gradus
1853 2790 2008 2862 ghius
2021 2807 2072 2847 et
2083 2795 2226 2850 hunc
2239 2800 2446 2870 sequuti
2462 2800 2632 2853 Coler.
2645 2813 2697 2854 et
2706 2801 2828 2874 Th)-
2833 2825 2872 2855 s

755 2870 977 2942 dejecit;
995 2864 1258 2921 acdeinde
1273 2884 1438 2937 quum
1451 2865 1770 2919 semianimis
1855 2870 2096 2936 edidere,
2123 2879 2163 2927 is
2184 2891 2361 2947 egerat.
2397 2879 2533 2931 Nota
2563 2881 2767 2951 phrasis
2795 2898 2872 2935 est

753 2973 810 3007 se
834 2951 1117 3021 reciperet,
1148 2944 1217 3000 ad
1243 2946 1498 3016 Cyprium
1530 2946 1708 3000 vicum
1739 2966 1768 3000 a
1853 2952 1910 3003 id
1936 2972 2104 3023 ager-e,
2112 2946 2231 3027 ε[ιι-ο
2261 2958 2318 3009 id
2337 2959 2566 3014 meditari.
2597 2961 2748 3031 Virg.
2773 2964 2871 3017 ecl,

752 3029 1061 3088 satellitibus
1088 3027 1195 3079 suis
1220 3024 1446 3078 interfici
1464 3024 1634 3096 jussit.
1853 3033 1964 3094 1X;
1996 3034 2131 3104 Nep.
2161 3037 2310 3090 XIV.
2350 3042 2403 3092 6.
2431 3071 2511 3080 ——-
2530 3040 2761 3094 Sca-vola.
2793 3046 2874 3097 De

835 3131 886 3163 2.
924 3108 1137 3163 Sceleris.
1178 3106 1314 3158 Nam
1350 3106 1604 3156 sceleratus
1632 3109 1767 3157 vicus
1853 3129 1960 3181 quo
1986 3113 2184 3168 Lucan.
2203 3117 2284 3181 H,
2311 3122 2419 3172 126
2441 3159 2456 3185 ,
2479 3115 2554 3190 sq.

749 3190 922 3247 ‘uetus
934 3200 1011 3241 est
1025 3225 1041 3249 ⁹
1054 3205 1219 3257 quum
1238 3196 1387 3238 ante·
1416 3185 1595 3237 orbius
1612 3204 1767 3238 voca·
1851 3213 1910 3253 Te
1924 3229 2081 3269 quoque
2095 3218 2311 3270 neglectum
2325 3221 2475 3262 violate
2485 3251 2496 3268 ,
2516 3223 2689 3264 δεινοὶ.
2704 3255 2716 3272 ,
2730 3228 2872 3267 dextr:

748 3284 909 3326 retur.
922 3264 1048 3319 vid.
1075 3266 1296 3337 Dionys.
1320 3264 1518 3317 HiStOI'.
1533 3264 1635 3330 IV,
1672 3267 1762 3334 39.
1852 3278 1954 3316 Ante
1973 3280 2102 3331 ipsum
2117 3282 2314 3333 penetrale
2327 3284 2412 3323 dem
2427 3299 2659 3338 semperque
2675 3288 2846 3328 eale-m

747 3353 964 3420 Coeptus
976 3359 1151 3399 autem
1164 3345 1208 3398 is
1220 3344 1386 3398 clivus
1399 3344 1650 3416 appellari
1668 3346 1765 3398 Or*-
1850 3341 2068 3415 mactare-re
2079 3343 2188 3418 ‘⁰⁶⁰3
2204 3359 2399 3418 :·p-uenm
2417 3349 2485 3386 ‘ed
2498 3347 2596 3387 ἴσω
2610 3362 2791 3391 ’entem

744 3432 875 3491 hius,
907 3424 1054 3500 quod
1072 3444 1274 3498 pronus
1291 3443 1455 3495 quum
1479 3429 1641 3483 esset,
1667 3443 1765 3494 per
1846 3402 2054 3457 &agnum
2066 3408 2355 3461 ‘ff'dmuffl'h
2371 3438 2383 3456 ⁹
2418 3411 2666 3466 nummi-que
2683 3419 2870 3469 pepercit.

741 3511 897 3564 orbes
924 3508 979 3559 in
1005 3505 1359 3577 Esquiliarum
1384 3504 1571 3555 collem
1600 3501 1760 3557 duoe—
1847 3504 2252 3573 —alugealar-eeur.
2280 3508 2519 3577 Jugzdaoe
2547 3529 2716 3581 quum
2743 3515 2860 3567 vole

742 3603 823 3644 ret
836 3607 853 3655 ς
869 3586 1012 3641 unde
1030 3585 1190 3637 orbius
1207 3585 1274 3636 ab
1291 3582 1415 3654 ipsis
1431 3583 1651 3635 orbibus
1664 3602 1758 3636 vo·
1845 3583 1990 3649 bant,
1999 3585 2281 3638 vulnerare
2294 3599 2498 3641 tantum
2511 3604 2774 3661 poterant.

740 3684 886 3725 catus
903 3680 997 3720 est.
1020 3663 1146 3718 vid.
1168 3664 1405 3717 Gronov,
1435 3660 1502 3714 ad
1520 3662 1636 3715 Liv.
1662 3663 1755 3717 lib.
1835 3700 1850 3718 .
1928 3664 1982 3717 5.
1997 3663 2162 3717 Secus.
2180 3666 2347 3732 Male,
2367 3687 2478 3721 non
2494 3684 2638 3723 recte
2652 3674 2866 3728 factum.

737 3752 765 3803 1
780 3787 797 3816 ,
824 3766 938 3819 cap.
970 3748 1062 3808 48.
1845 3741 1971 3797 vid.
1993 3744 2136 3797 Suet.
2156 3745 2269 3797 Tib.
2300 3767 2350 3800 2.
2370 3761 2423 3800 et
2441 3749 2508 3802 ad
2527 3751 2672 3805 hunc
2689 3755 2866 3807 locum

819 3830 870 3883 3.
894 3826 1140 3880 Fimbrc‘oe.
1172 3824 1236 3874 A.
1265 3822 1334 3873 U.
1365 3825 1497 3889 667.
1520 3821 1633 3873 Cic.
1653 3840 1754 3892 pro
1839 3834 1990 3876 notas
2026 3825 2340 3880 casauboni.
2373 3828 2606 3883 Consule
2634 3834 2792 3887 etiam
2814 3836 2860 3886 J.

734 3911 886 3961 Rosc.
922 3924 1011 3959 ιι.
1041 3903 1142 3956 Hic
1159 3915 1236 3955 est
1258 3901 1512 3963 Fimbria,
1543 3900 1635 3970 qui
1661 3919 1751 3954 oc·
1840 3902 1930 3955 Fr.
1965 3903 2200 3956 Gronov.
2231 3905 2299 3958 ad
2322 3906 2435 3960 Liv.
2474 3910 2581 3961 VII
2603 3950 2617 3973 ,
2649 3917 2703 3966 6.

731 3988 840 4040 ciso
868 3983 1084 4038 Valerio
1101 4023 1117 4050 ,
1144 3983 1292 4051 cujus
1319 3981 1521 4050 legatus
1548 3980 1746 4043 fuerat,
1916 3986 1969 4036 6.
2006 3985 2223 4035 Parcius.
2259 3986 2382 4038 Non
2417 3989 2540 4043 satis
2569 3993 2863 4062 profunde,

731 4066 1016 4120 exercitum
1039 4062 1139 4115 sibi
1165 4059 1470 4113 vindicavit.
1583 4065 1584 4074 ¹
1834 4074 1913 4114 est
1935 4062 2142 4114 lentius.

814 4151 861 4207 4.
902 4144 963 4196 ld
988 4154 1163 4211 egomt.
1199 4140 1263 4192 ld
1293 4153 1405 4203 est,
1448 4136 1501 4189 id
1530 4158 1742 4209 operam
1917 4159 1969 4209 7.
2004 4142 2236 4195 Catilina.
2274 4148 2334 4196 A.
2382 4149 2446 4198 U.
2482 4154 2612 4215 (590.
2646 4151 2858 4204 Sallust.
