3143 5204
877 526 972 598 70
1207 502 1641 571 VALERII
1700 500 2108 567 MAXIMI
2167 501 2357 566 LIB.
2412 501 2636 567 VIII.

868 638 1076 704 stione.
1104 634 1387 703 afflictus
1416 649 1513 702 est
1539 661 1556 717 ;
1592 634 1905 700 innocens
1927 686 1945 719 ,
1979 632 2101 700 nisi
2131 645 2265 700 tam
2297 634 2515 725 prisco
2550 632 2768 702 seculo
2796 650 2963 703 natus

867 756 1054 810 esset.
2116 748 2126 757 '

906 916 1267 969 JUDICIIS
1308 914 1693 968 PUBLICIS
1734 913 2223 998 INSIGNIBUS
2263 909 2709 967 AMBUSTAE¹
2754 914 2932 967 DUAE.

985 1104 1039 1148 ι.
1085 1082 1302 1173 Atque
1346 1093 1419 1146 ut
1464 1104 1576 1147 eos
1621 1102 1881 1171 quoque
1926 1075 2286 1145 referamus
2307 1130 2326 1163 ,
2369 1079 2480 1171 qui
2524 1079 2591 1145 in
2639 1078 2966 1149 discrimen

866 1188 1096 1281 capitis
1133 1185 1427 1270 adducti,
1462 1209 1674 1278 neque
1699 1181 2020 1268 damnati,
2050 1208 2261 1277 neque
2287 1183 2570 1252 absoluti
2599 1199 2750 1253 sunt
2769 1241 2787 1271 ,
2810 1184 2965 1279 apud

864 1294 961 1360 M.
997 1290 1322 1386 Popilium
1357 1295 1693 1360 Laenatem
1724 1304 2076 1383 praetorem
2113 1289 2412 1383 quaedam
2431 1289 2474 1377 ²,
2503 1291 2684 1385 quod
2715 1306 2965 1360 matrem

866 1398 1038 1466 fuste
1080 1422 1457 1492 percussam
1498 1399 1959 1485 interemerat,
1994 1419 2257 1464 causam
2304 1397 2506 1465 dixit-z
2533 1397 2618 1465 de
2653 1422 2782 1492 qua
2821 1423 2965 1466 neu-

867 1518 1037 1572 tram
1066 1506 1132 1571 in
1161 1519 1418 1598 partem
1446 1502 1593 1572 latae
1632 1504 1967 1572 sententiae
2003 1518 2198 1587 sunt3
2244 1505 2391 1596 quia
2437 1504 2701 1573 abunde
2736 1518 2966 1573 consta·

866 1609 980 1678 bat
1004 1664 1022 1697 ,
1067 1610 1364 1679 eamdem
1407 1635 1666 1679 veneno
1705 1624 2089 1679 necatorum
2142 1609 2498 1678 liberorum
2538 1609 2767 1680 dolore
2806 1635 2961 1679 com-

865 1731 1112 1784 motam
1137 1771 1157 1803 ,
1207 1743 1372 1811 quos
1426 1719 1574 1785 avia
1623 1715 1770 1785 filiae
1820 1716 2074 1786 infensa
2127 1715 2515 1804 sustulerat,
2568 1717 2964 1812 parricidium

864 1816 1069 1891 ulfam
1105 1848 1245 1892 esse
1282 1824 1654 1918 parricidio.
1696 1825 2004 1913 Quorum
2040 1821 2322 1893 alterum
2358 1810 2644 1893 ultione³
2683 1824 2965 1919 dignum,

865 1928 1145 1997 alterum
1188 1930 1599 1999 absolutione
1643 1954 1778 1998 non
1813 1929 2090 2024 dignum
2125 1930 2494 2023 judicatum
2529 1946 2647 2001 est.

976 2079 1040 2120 2.
1075 2054 1327 2123 Eadem
1373 2055 1780 2123 haesitatione
1813 2057 1880 2121 P.
1921 2052 2321 2154 Dolabellae,
2365 2055 2818 2150 proconsulari
2857 2056 2964 2121 im-

865 2161 1049 2254 perio
1088 2161 1309 2229 Asiam
1362 2161 1749 2248 obtineam,
1798 2161 2057 2229 animus
2106 2161 2460 2232 fluctuatus
2503 2176 2626 2232 est.
2677 2159 2961 2231 Materfa·

866 2254 1119 2335 milias⁴
1158 2292 1479 2361 smyrnaea
1522 2269 1738 2335 virum
1784 2281 1850 2335 et
1889 2265 2100 2336 filium
2136 2270 2505 2355 interemit,
2542 2295 2750 2364 quum
2780 2269 2857 2336 ab
2885 2266 2966 2332 his

864 2374 1129 2467 optimae
1165 2374 1403 2443 indolis
1431 2374 1745 2466 juvenem
1768 2428 1787 2459 ,
1823 2380 2021 2466 quem
2066 2399 2147 2441 ex
2188 2376 2410 2467 priore
2454 2377 2602 2445 viro
2645 2378 2827 2444 enixa
2858 2371 2967 2440 fue-

863 2494 999 2565 rat,
1037 2481 1334 2548 occisum
1379 2482 1848 2574 comperisset:
1879 2503 2079 2572 quam
2120 2504 2256 2548 rem
2293 2479 2644 2551 Dolabella
2678 2481 2759 2550 ad
2786 2504 2847 2548 se
2874 2477 2964 2545 de·

864 2585 1063 2653 latam
1090 2641 1108 2668 ‚
1152 2586 1443 2653 Athenas
1479 2586 1910 2680 ad-areopagi
1955 2588 2399 2680 cognitionem
2451 2586 2801 2684 relegavit,
2840 2584 2966 2679 quia

866 2694 1003 2784 ipse
1034 2717 1248 2784 neque
1277 2691 1557 2758 liberare
1591 2692 1878 2760 caedibus
1919 2693 2178 2761 duabus
2207 2696 2720 2766 contaminatam
2741 2749 2759 2781 ,
2785 2713 2967 2784 neque

955 2912 1001 2944 ι.
1070 2895 1335 2945 Ambustoe.
1392 2893 1611 2964 Pighius
1666 2895 1889 2965 praefixit
1977 2896 2174 2966 dignum
2199 2899 2390 2963 fiu‘sse3
2430 2897 2606 2950 caedem
2647 2917 2758 2948 vem
2792 2912 2876 2944 non
2905 2888 2967 2940 ὦ·

867 2973 1011 3027 hunc
1030 2975 1243 3027 titulum
1261 2974 1351 3044 qui
1372 2993 1479 3025 non
1510 2986 1673 3026 exstat
1690 2975 1746 3026 iu
1768 2976 1889 3046 plu·
1972 2996 2121 3044 gnam
2146 2976 2458 3028 absolutione.
2485 2977 2665 3041 Quam
2691 2971 2966 3028 sententiam

864 3058 1012 3109 rimis
1042 3054 1191 3106 MSS.
1216 3051 1480 3105 Torrenii.
1516 3056 1804 3106 Ambustus
1829 3055 1892 3106 si·
1975 3074 2038 3106 ex
2085 3056 2263 3124 priore
2318 3056 2545 3112 lectione
2601 3077 2709 3109 non
2760 3052 2965 3121 colliges.

830 3136 1200 3207 sgnificatione
1225 3133 1530 3185 translatitia
1558 3145 1657 3198 est,
1689 3135 1778 3204 qui
1802 3135 1888 3187 vix
1976 3153 2139 3206 quum
2151 3134 2291 3188 dicat
2306 3135 2969 3207 alter-amparriczdiummem·

864 3238 923 3270 ac
953 3235 1021 3268 ne
1050 3215 1136 3267 vix
1164 3212 1379 3284 quidem
1402 3226 1455 3265 et
1484 3231 1603 3265 cum
1634 3214 1785 3266 honae
1810 3215 1886 3267 sa·
1974 3233 2042 3284 pe
2084 3213 2360 3283 veneficium
2380 3253 2393 3273 ‚
2444 3217 2625 3269 ultione
2666 3235 2756 3266 non
2801 3213 2969 3281 dignum

863 3317 963 3349 mae
984 3299 1188 3366 jactura
1213 3293 1396 3346 mortis
1422 3291 1716 3364 periculum
1735 3295 1885 3347 aufu—
1962 3297 2136 3360 sitisse.
2176 3326 2256 3337 -
2289 3294 2579 3350 obtinentis.
2623 3299 2723 3349 An.
2761 3293 2827 3345 U.
2857 3284 2966 3343 685.

860 3378 1043 3449 giens,
1084 3386 1137 3427 et
1166 3375 1315 3445 quasi
1352 3393 1416 3425 ex
1448 3372 1695 3425 incendio
1723 3376 1884 3425 vitam
1974 3373 2113 3426 Gen.
2153 3375 2292 3438 XII,
2329 3391 2405 3446 73
2451 3377 2715 3429 Ammian.
2763 3366 2970 3425 Marcell.

864 3457 1105 3510 ambusto
1132 3471 1356 3524 corpore
1386 3471 1626 3518 servans,
1661 3455 1716 3505 in
1741 3452 1885 3523 judi·
1973 3453 2194 3516 XXIX,
2234 3473 2285 3505 π.
2319 3455 2400 3507 De
2431 3458 2743 3528 Areopago,
2769 3449 2868 3503 vid.
2896 3465 2968 3499 su·

861 3538 945 3590 cio
965 3555 1062 3588 nec
1090 3533 1395 3590 absolvitur,
1422 3552 1520 3585 nec
1552 3532 1849 3586 damnatur.
1969 3552 2096 3604 pra.
2124 3535 2203 3598 11,
2239 3540 2307 3598 6,
2351 3543 2412 3600 43
2444 3535 2517 3597 V,
2553 3537 2622 3602 3,
2665 3537 2715 3589 3.
2756 3563 2823 3574 -
2855 3525 2959 3581 Flu·

944 3636 994 3668 2.
1031 3613 1284 3684 Quadam.
1326 3614 1427 3664 An.
1461 3613 1597 3665 Urb.
1630 3617 1760 3665 610.
1807 3645 1880 3653 -ι
1969 3625 2158 3665 cenatus
2189 3627 2275 3666 est.
2318 3615 2439 3667 Non
2484 3629 2563 3668 est
2594 3617 2760 3669 forma
2783 3607 2960 3684 passiva

861 3698 1012 3749 Fuste
1034 3712 1321 3764 percussam.
1339 3690 1470 3744 vid.
1502 3711 1661 3764 supra
1688 3689 1754 3743 ad
1774 3692 1880 3756 vl,
1968 3712 2069 3764 pro
2096 3693 2286 3758 activa,
2320 3692 2413 3748 sed
2450 3708 2677 3768 utroque
2713 3689 2862 3744 modo
2894 3683 2956 3737 es.

864 3779 916 3839 3,
935 3795 986 3842 9.
1011 3776 1200 3827 Fusn‘m
1226 3777 1527 3823 interemerat
1550 3791 1580 3824 a
1606 3771 1759 3842 Pigh.
1784 3785 1876 3824 est.
1966 3772 2151 3827 fertur.
2184 3771 2315 3827 Vid.
2349 3774 2577 3838 Quintil.
2609 3776 2719 3837 IX,
2744 3771 2794 3824 3.
2841 3780 2846 3784 ’

940 3856 993 3908 3.
1051 3854 1243 3905 Ultione
1291 3851 1505 3921 dignum.
1557 3851 1775 3922 Pighius
1816 3870 1879 3904 ex
2052 3859 2102 3914 4.
2133 3852 2398 3926 Smyr-mea.
2414 3854 2532 3907 Lib.
2549 3854 2684 3907 Dan.
2715 3852 2958 3903 zmirnae-

858 3936 1030 3987 Pulm.
1056 3946 1106 3986 et
1130 3932 1247 3985 Sus.
1268 3932 1324 3983 in
1350 3945 1547 3983 textum
1569 3931 1770 4002 recepit
1801 3932 1877 3984 di·
1969 3931 2247 3985 scribendi
2282 3934 2418 3986 ratio
2450 3933 2740 4005 antiquaria
2777 3948 2847 3980 zm
2876 3939 2959 3994 pro

854 4034 1026 4085 gnum,
1053 4011 1199 4084 quod
1222 4010 1368 4064 deest
1389 4012 1442 4064 in
1477 4011 1617 4075 aliis,
1646 4030 1754 4064 non
1779 4012 1878 4063 im·
1967 4031 2052 4066 sm.
2089 4012 2174 4065 Sic
2207 4013 2519 4083 Zmaragdus
2552 4008 2958 4086 pronuntiabant·

854 4096 1114 4165 probante
1142 4093 1421 4146 Torrenio.
1444 4092 1689 4144 Valerius
1719 4092 1792 4144 ait
1815 4109 1878 4144 ex
1966 4091 2136 4145 Vetus
2180 4092 2310 4163 lapis
2352 4112 2366 4145 ε
2423 4094 2525 4147 Cn.
2568 4093 2825 4147 Ponrno.
2866 4083 2956 4134 Ev-

853 4174 1064 4228 duobus
1084 4171 1382 4244 parricidiis
1404 4171 1681 4241 veneficium
1699 4172 1878 4224 ultione
1965 4191 2152 4225 muro.
2181 4173 2285 4225 Cu.
2318 4174 2610 4228 Pommvs.
2635 4175 2953 4225 zmmanvs.
