3143 5204
725 424 819 493 26
1078 422 1522 491 VALERII
1577 424 1988 491 ΜΑΧΙΜΙ
2044 425 2238 513 LIB.
2295 425 2471 493 VII.

722 571 875 626 ortu
912 580 1178 625 cursum
1219 557 1288 621 in
1332 555 1681 647 quemdam
1727 554 1944 625 locum
1985 555 2376 650 dirigerent3
2414 558 2593 650 isque
2634 581 2838 650 regno

723 663 1084 757 potiretur,
1127 661 1312 753 cujus
1360 686 1566 755 equus
1609 664 1681 729 in
1726 686 1806 730 eo
1849 663 2098 755 primus
2136 662 2469 731 hinnisset.
2512 666 2841 731 Caeterum

722 770 1019 857 maximae
1050 767 1369 837 mercedis
1409 768 1951 863 competitoribus
1990 767 2269 837 fortunae
2312 767 2699 837 beneficium
2740 794 2844 837 ex·

724 874 1211 970 spectantibuS,
1268 873 1444 943 solus
1501 876 1802 943 acumine
1855 877 2184 968 equisonis
2225 877 2322 943 sui
2366 875 2650 943 OEbaris
2690 900 2844 968 pro-
2943 951 2948 955 ,

724 1007 986 1076 sperum
1023 995 1344 1074 exoptatae
1373 982 1465 1049 rei
1493 981 1807 1049 effectum
1838 996 2223 1075 assequutus
2251 997 2379 1050 est:
2411 983 2521 1074 qui
2558 982 2624 1047 in
2661 1006 2846 1073 equae

725 1086 1073 1183 genitalem
1103 1101 1358 1181 partem
1387 1087 1735 1155 demissam
1769 1112 2075 1174 manum,
2103 1114 2306 1183 quum
2337 1087 2416 1155 ad
2449 1112 2595 1156 eum
2626 1086 2847 1155 locum

725 1208 996 1263 ventum
1034 1208 1235 1279 esset,
1278 1193 1582 1262 naribus¹
1625 1197 1774 1287 equi
1816 1194 2106 1263 admovit
2143 1220 2156 1261 :
2204 1220 2335 1288 quo
2378 1194 2581 1263 odore
2623 1195 2848 1261 irrita-

725 1316 863 1387 ωε,
913 1314 1064 1369 ante
1101 1325 1329 1370 omnes
1370 1301 1698 1369 hinnitum
1744 1301 1980 1387 edidit3
2021 1300 2375 1395 auditoque
2421 1326 2536 1388 eo,
2586 1324 2698 1368 sex
2737 1324 2850 1368 re-

725 1405 881 1502 liqui
926 1432 1197 1476 summae
1240 1410 1579 1502 potestatis
1619 1408 1942 1477 candidati
1989 1410 2304 1477 continuo
2344 1410 2525 1502 equis
2568 1404 2850 1500 delapsi,

728 1529 804 1582 ut
831 1529 930 1583 est
956 1539 1100 1582 mos
1134 1516 1512 1603 Persarum,
1544 1515 1729 1582 humi
1767 1516 2110 1609 prostratis
2135 1514 2550 1610 corporibus,
2568 1514 2851 1583 Darium

727 1646 948 1715 regem
1004 1620 1472 1690 salutaverunt.
1528 1624 1875 1709 Quantum
1938 1624 2285 1716 imperium
2318 1676 2336 1709 ,
2391 1645 2588 1714 quam
2642 1643 2850 1713 parvo

728 1729 1166 1821 interceptum
1208 1742 1305 1796 est
1348 1724 1800 1797 vaframento!

837 1832 903 1903 3.
952 1836 1101 1903 Bias
1137 1849 1356 1902 autem
1376 1832 1420 1919 ²,
1465 1835 1654 1928 cujus
1691 1837 2005 1930 sapientia
2046 1835 2417 1903 diuturnior
2443 1836 2613 1902 inter
2638 1833 2854 1901 homi·

729 1965 844 2008 nes
904 1954 1039 2025 est,
1086 1962 1284 2034 quam
1339 1942 1552 2034 patria
1598 1943 1831 2010 Priene
1887 1942 2011 2009 fuit
2050 1935 2417 2035 (siquidem
2470 1941 2611 2008 haec
2657 1940 2856 2008 etiam

729 2071 906 2115 nunc
948 2048 1185 2142 spirat,
1224 2032 1436 2115 illius³
1478 2047 1752 2142 perinde
1789 2062 1985 2143 atque
2023 2050 2358 2117 exstinctae
2403 2048 2674 2141 vestigia
2711 2060 2855 2113 tan·

728 2153 1071 2222 tummodo
1121 2144 1466 2243 exstant),
1503 2160 1607 2222 ita.
1656 2155 1871 2224 aiebat
1916 2171 2230 2250 oportere
2263 2155 2562 2223 homines
2615 2158 2684 2221 in
2732 2177 2860 2220 usu

729 2265 1053 2329 amzez'tice
1090 2267 1398 2345 versari,
1442 2278 1519 2330 ut
1553 2266 2044 2347 meminissent,
2085 2286 2239 2329 eam
2284 2261 2389 2329 ad
2410 2263 2859 2355 gravissimas

725 2372 1110 2436 mimc'oc‘tias
1125 2392 1340 2462 posse
1360 2373 1681 2436 converti.
1705 2368 1906 2457 Quod
1925 2368 2190 2462 quidem
2216 2381 2616 2461 praeceptum
2648 2366 2860 2460 prima

729 2475 945 2568 specie
977 2475 1171 2541 nimis
1206 2472 1479 2543 fortasse
1502 2473 1811 2543 callidum
1839 2474 2177 2556 videatur,
2205 2475 2675 2566 inimicumque
2703 2474 2859 2539 sim·

730 2578 1001 2673 plicitati
1017 2634 1035 2665 ‚
1060 2604 1185 2673 qua
1212 2582 1542 2674 praecipue
1569 2579 1975 2651 familiaritas
2001 2581 2282 2675 gaudet:
2312 2580 2426 2676 sed
2449 2581 2500 2649 si
2520 2577 2864 2650 altioribus

729 2687 960 2755 animis
1002 2688 1316 2779 cogitatio
1359 2687 1640 2757 demissa
1676 2689 1906 2775 fuerit,
1935 2713 2254 2784 perquam
2284 2687 2442 2756 utile
2470 2687 2859 2780 reperietur.

731 2891 897 2946 dubio
932 2904 1084 2963 gente
1121 2893 1249 2945 olim
1287 2893 1457 2946 Persis
1491 2893 1749 2958 finitima,
1923 2895 1974 2947 3.
2005 2896 2130 2947 Hoec
2160 2935 2418 2948 .......
2444 2896 2591 2947 illius.
2615 2894 2865 2964 Pighius,

729 2974 904 3025 locum
925 2973 1141 3038 habuit,
1156 2992 1264 3025 non
1288 2975 1483 3026 mirum
1499 2986 1603 3038 est,
1627 2974 1752 3026 Per·
1841 2992 1997 3045 quem
2026 2976 2236 3046 sequuti
2267 2987 2392 3028 sunt
2416 2975 2588 3027 Coler.
2614 2985 2666 3026 et
2683 2974 2865 3025 Vox-st.

732 3073 911 3106 sarum
933 3053 1197 3125 principes
1239 3054 1336 3105 soli
1368 3067 1421 3107 et
1445 3072 1584 3124 equo
1617 3054 1753 3124 regis
1840 3052 2053 3106 edidere
2092 3056 2252 3108 illm...
2291 3056 2428 3126 hujus
2447 3096 2460 3117 ‚
2505 3054 2683 3105 invitis
2715 3052 2867 3105 MSS.

734 3135 1043 3186 electionem
1067 3134 1404 3186 commisisse.
1427 3134 1646 3187 Colerus
1670 3153 1753 3186 re·
1839 3146 1892 3186 et
1923 3146 2108 3186 contra
2151 3153 2353 3187 morem
2387 3135 2623 3197 Valerii,
2659 3133 2753 3203 qui
2791 3133 2871 3182 Ιιὶσ

734 3227 817 3266 cte
846 3225 1026 3265 monet
1044 3252 1058 3277 ,
1098 3214 1201 3266 hoc
1244 3212 1401 3265 etiam
1447 3212 1589 3285 apud
1620 3214 1755 3266 Ger·
1842 3212 1908 3266 ad
1932 3214 2213 3277 remotius,
2243 3215 2324 3266 ille
2354 3213 2420 3267 ad
2451 3214 2754 3286 proximum
2783 3230 2871 3264 re·

734 3312 919 3345 manos
940 3294 1099 3344 moris
1124 3294 1253 3345 olim
1283 3294 1440 3346 fuisse
1455 3332 1471 3358 ‚
1489 3308 1541 3346 et
1564 3295 1757 3347 multos
1842 3294 1983 3346 ferre
2002 3295 2158 3360 solet,
2178 3307 2237 3346 ut
2253 3297 2360 3366 jam
2382 3314 2491 3347 non
2515 3293 2673 3346 semel
2700 3291 2804 3345 adn
2813 3311 2872 3343 o-

734 3373 867 3426 ritus
922 3386 1197 3443 utramque
1252 3386 1460 3444 gentem
1513 3375 1757 3426 habuisse
1844 3386 2009 3426 tatum
2036 3386 2130 3427 est.
2162 3407 2240 3417 -—
2269 3374 2505 3427 Converti.
2540 3374 2661 3426 Non
2690 3391 2756 3424 eo
2780 3391 2869 3424 us·

734 3471 1067 3506 communes.
1098 3453 1335 3506 Fortasse
1361 3456 1470 3525 jam
1502 3453 1757 3525 antiquis·
1844 3472 1946 3524 que
1990 3455 2218 3507 amicum
2250 3474 2422 3507 amare
2463 3454 2748 3519 debemus,
2780 3463 2870 3515 ut,

738 3535 881 3588 simis
904 3533 1347 3604 temporibus,ex
1363 3535 1667 3604 regionibus
1691 3532 1756 3586 ad
1845 3535 1889 3587 si
1917 3533 2045 3605 quid
2088 3534 2367 3607 indignum
2409 3546 2461 3587 et
2492 3547 2647 3605 turpe
2688 3531 2875 3586 fecerit

737 3615 961 3666 Tanaim
983 3652 998 3679 ,
1041 3614 1330 3666 Caucasum
1374 3627 1429 3667 et
1472 3633 1615 3666 mare
1659 3615 1758 3666 Ca·
1846 3615 1928 3666 vel
1956 3616 2167 3685 jusserit
2187 3654 2201 3679 ,
2232 3614 2404 3668 odisse
2438 3614 2608 3685 turpia
2644 3630 2874 3683 nequea-

738 3695 911 3765 spium
965 3693 1075 3745 sitis
1128 3693 1344 3746 coloniae
1402 3694 1655 3747 transiere
1703 3695 1759 3746 in
1847 3713 1993 3760 mus;
2027 3714 2196 3766 neque
2243 3696 2347 3760 sie,
2383 3708 2442 3746 ut
2473 3695 2647 3746 omnia
2693 3705 2874 3744 nostra

739 3774 1095 3826 Germaniam.
1848 3776 2070 3845 cogitata
2108 3775 2510 3846 patefaciamus,
2553 3771 2696 3845 quod
2732 3772 2874 3843 peri·

825 3871 873 3905 1.
899 3853 1129 3906 Naribus.
1157 3854 1440 3907 Honestius
1464 3873 1578 3906 rem
1604 3855 1636 3905 J
1641 3854 1763 3907 usti-
1847 3855 2087 3907 culosum
2121 3856 2254 3906 foret
2283 3873 2296 3906 t
2331 3873 2429 3908 nec
2460 3867 2736 3924 tantopere
2772 3853 2876 3903 ini-

740 3952 840 4002 nus
867 3952 930 3985 ex
959 3932 1231 3986 Herodoto
1262 3948 1453 3987 narrat.
1851 3936 2050 3987 micum
2068 3934 2240 3986 odisse
2259 3933 2436 3998 decet,
2456 3948 2512 3987 ut
2532 3953 2652 3986 eum
2673 3933 2727 3984 in
2751 3933 2880 3984 ami·

825 4032 874 4064 2.
906 4014 1027 4065 Bias
1052 4013 1355 4067 autemvid.
1385 4014 1599 4067 Aristot.
1623 4013 1762 4066 Rhe·
1851 4015 2028 4067 citiam
2046 4049 2062 4075 ,
2098 4014 2141 4066 si
2163 4014 2578 4066 reconciliationi
2608 4015 2752 4065 locus
2782 4010 2875 4064 da-

743 4108 841 4145 tor.
874 4092 967 4146 lib.
1003 4095 1071 4145 11.
1853 4108 1969 4160 tur,
1994 4096 2230 4165 recipere
2260 4113 2369 4146 non
2397 4095 2674 4165 possimus.
