3143 5204
783 474 917 543 160
1141 476 1589 541 VALERII
1648 473 2057 540 MAXIMI
2113 475 2304 540 LIB.
2360 476 2494 541 IX.

1490 678 1916 767 CAPUT
1996 679 2158 763 IV.

1389 886 1478 948 De
1511 886 1787 948 avaritia
1830 885 2279 947 Romanorum.

769 1084 809 1112 1.
840 1069 905 1111 M.
932 1068 1080 1111 Crassi
1112 1076 1158 1111 et
1181 1066 1238 1122 Q.
1267 1066 1516 1111 Hortensii.
1545 1091 1606 1099 —-
1632 1080 1674 1111 2.
1700 1067 1761 1121 Q.
1793 1066 1936 1110 Cassii
1957 1065 2154 1127 Longini
2178 1082 2414 1127 propr.—
2434 1068 2479 1112 3.
2507 1068 2555 1111 1..
2579 1067 2888 1126 Septimuloii.
2934 1122 2943 1129 ἢ

1383 1233 1479 1295 De
1515 1234 1785 1295 avaritia
1824 1234 2274 1296 Externorum.

1482 1423 1715 1468 Ptolemaei
1733 1423 2009 1483 Cypriorum
2031 1424 2170 1484 regis.

1211 1592 1319 1643 DE
1375 1591 1793 1643 AVARITIA
1852 1590 2444 1644 ROMANORUM.

775 1830 784 1835 .
879 1767 1342 1838 Protrahatur¹
1387 1771 1581 1836 etiam
1628 1769 1936 1852 avaritia,
1979 1766 2320 1837 latentium
2372 1769 2744 1861 indagatrix
2796 1770 2888 1837 lu-

774 1902 1070 1961 crorum,
1097 1876 1454 1944 manifestae
1478 1874 1712 1968 praedae
1741 1873 2118 1943 avidissima
2144 1899 2427 1968 vorag03
2458 1900 2581 1944 nec
2603 1875 2889 1943 habendi

775 1983 989 2051 fructu
1036 1981 1185 2050 felix
1205 1980 1249 2068 ²,
1293 1996 1358 2048 et
1402 1980 1760 2074 cupiditate
1804 1980 2137 2073 quaerendi
2181 1983 2558 2050 miserrima.

891 2114 914 2157 1
934 2140 948 2155 .
972 2089 1200 2176 Quum
1227 2087 1583 2155 admodum
1619 2084 1929 2180 locupleti
1958 2089 2034 2155 L.
2055 2087 2353 2156 Minucio
2370 2073 2618 2157 Basilo³
2648 2086 2885 2155 falsum

774 2209 1237 2264 testamentum
1277 2194 1540 2287 quidam
1593 2194 1661 2259 in
1709 2194 1965 2261 Graecia
2009 2193 2421 2285 subjecisset,
2464 2192 2890 2287 ejusdemque

774 2300 1208 2370 confirmandi
1270 2303 1477 2394 gratia
1537 2301 2028 2393 potentissimos
2086 2301 2368 2368 civitatis
2419 2314 2658 2369 nostrae
2713 2302 2891 2367 viros

773 2410 866 2475 M.
904 2411 1213 2476 Crassum
1255 2420 1322 2474 et
1356 2407 1442 2494 Q.
1474 2407 1942 2490 Hortensium,
1990 2405 2225 2498 quibus
2261 2408 2591 2475 Minucius
2626 2408 2891 2500 ignotus

774 2515 1026 2600 fuerat,
1085 2511 1321 2581 tabulis
1368 2512 1644 2579 heredes
1697 2512 2108 2594 inseruisset3
2165 2537 2559 2607 quamquam
2622 2512 2893 2580 evidens

773 2621 952 2688 fraus
1005 2635 1184 2706 erat,
1242 2635 1463 2686 tamen
1518 2632 1796 2710 uterque
1855 2620 2147 2712 pecuniae
2208 2620 2521 2713 cupidu5‚
2582 2620 2892 2688 facinoris

772 2725 965 2793 alieni
989 2751 1229 2793 munus
1258 2749 1392 2791 non
1423 2722 1809 2818 repudiavit.
1843 2726 2174 2812 Quantam
2210 2723 2472 2819 culpam
2501 2750 2700 2819 quam
2734 2724 2893 2794 levi·

775 2820 915 2901 ῑοῑϊ(ἱ
953 2826 1181 2899 retuli!
1236 2832 1521 2898 Lumina
1557 2831 1796 2915 curiae,
1838 2846 2224 2900 ornamenta
2259 2831 2419 2919 sori,
2456 2832 2636 2926 quod
2679 2831 2894 2901 scelus

773 2938 1107 3006 vindicare
1127 2937 1477 3022 debebant,
1509 2937 1837 3005 inhonesti
1869 2935 2036 3006 lucri
2063 2953 2337 3030 captura
2362 2940 2890 3025 invitati‚aucto-

773 3044 1074 3113 ritatibus
1111 3045 1240 3111 suis
1277 3057 1599 3111 texerunt.

883 3178 946 3219 2.
985 3154 1234 3219 Verum
1280 3148 1611 3242 aliquanto
1658 3150 1939 3242 majores
1980 3152 2149 3217 vires
2201 3152 2268 3217 in
2315 3152 2397 3239 Q.
2436 3153 2661 3220 Cassio
2698 3153 2892 3221 exhi-

771 3244 992 3325 buit⁵:
1038 3259 1149 3351 qui
1190 3259 1254 3323 in
1295 3257 1611 3349 Hispania
1644 3259 1737 3324 M.
1770 3255 1994 3323 Silium
2033 3271 2099 3324 et
2131 3259 2205 3324 A.
2241 3255 2671 3351 Calpurnium
2712 3262 2891 3328 occi·

771 3363 966 3432 (leudi
1004 3365 1101 3431 sui
1142 3364 1349 3457 gratia
1392 3388 1544 3432 cum
1587 3347 2020 3457 pugionibus⁶
2052 3362 2529 3457 deprehemm,
2566 3366 2891 3459 quinqua-

856 3584 875 3617 1
889 3605 901 3616 .
937 3565 1272 3616 Protrahatur.
1306 3563 1426 3616 Scil.
1448 3562 1502 3613 in
1523 3561 1784 3624 medium,
1872 3562 2321 3632 —Subjecisset....
2341 3568 2620 3616 inseruisset.
2637 3566 2717 3618 Ita
2734 3566 2890 3620 MSS.

768 3665 896 3717 quas
918 3663 1073 3696 voces
1095 3644 1182 3695 alii
1201 3654 1475 3695 assuerunt
1508 3660 1570 3694 ex
1596 3643 1782 3712 glossa.
1873 3654 1925 3693 et
1947 3641 2069 3694 edd.
2091 3655 2217 3694 vett.
2241 3644 2454 3713 Pighius
2474 3663 2600 3696 vero
2624 3647 2760 3698 male
2777 3647 2893 3699 edi·

854 3744 902 3777 2.
947 3725 1106 3776 Felix.
1141 3725 1192 3775 F
1189 3724 1285 3774 elix
1311 3735 1388 3774 est
1404 3761 1418 3785 ‚
1448 3722 1539 3791 qui
1570 3740 1600 3772 e
1627 3722 1785 3772 rebus
1873 3719 1985 3786 dit,
2015 3722 2319 3791 subjecissent
2332 3761 2426 3775 .....
2458 3729 2768 3778 insememnt.

767 3806 928 3876 partis
959 3805 1190 3856 fructum
1230 3803 1394 3872 capit3
1433 3799 1575 3871 qnod
1621 3819 1785 3870 quum
1957 3808 2008 3863 4.
2050 3803 2250 3854 Leviter.
2278 3803 2451 3855 Celer.
2478 3817 2530 3856 et
2561 3805 2740 3857 Vorst.
2779 3825 2893 3858 ma·

767 3903 871 3935 non
895 3885 1164 3953 contingat
1191 3900 1378 3945 avaro,
1406 3881 1527 3932 felix
1556 3899 1663 3931 non
1688 3893 1782 3932 est.
1873 3880 1972 3933 lint
2003 3882 2184 3933 leniter.
2217 3881 2452 3935 Frustra.

767 3966 1023 4027 Avaritia,
1052 3981 1217 4034 quum
1257 3975 1439 4014 caetera
1474 3960 1603 4012 vitia
1643 3978 1785 4011 sene·
1956 3961 2007 4012 5.
2054 3961 2310 4014 Exhibuit.
2350 3964 2450 4014 An.
2486 3963 2555 4014 U.
2592 3965 2725 4030 705.
2772 3965 2894 4017 Hir-

764 4057 933 4108 scam,
965 4044 1074 4094 sola
1102 4044 1154 4093 in
1182 4040 1294 4093 dies
1324 4041 1387 4092 fit
1414 4037 1701 4091 ardentior.
1874 4040 1975 4090 tius
1995 4037 2063 4091 de
2084 4041 2230 4091 Bello
2261 4039 2637 4094 Alexandrino.

848 4123 899 4175 3.
921 4123 1104 4174 Basilo.
1131 4123 1180 4171 V
1187 4120 1259 4172 id.
1290 4121 1400 4172 Cic.
1424 4119 1532 4171 Off.
1565 4119 1662 4181 111,
1693 4137 1714 4172 1
1730 4122 1781 4171 8.
1954 4123 2005 4171 6.
2028 4120 2338 4188 pugionibus.
2366 4122 2525 4188 Pugio
2543 4123 2702 4173 breve
2724 4124 2889 4176 telum
