3143 5204
728 489 945 560 CAP.
1003 494 1179 577 XV,
1233 492 1862 560 MAGNIFICA.

236 622 455 693 Jovis¹
508 613 679 718 Opt.
734 625 913 691 Max.
973 626 1253 717 positam
1316 622 1553 707 habet·
1606 648 1791 715 quae,
1848 625 2364 719 quotiescunque

237 727 514 798 munus²
570 728 838 848 aliquod
894 728 1221 799 Corneliae
1276 730 1455 861 genti
1509 728 1978 815 celebrandum
2028 745 2160 817 est,
2214 733 2363 846 inde

235 837 519 930 petitur3
565 838 806 931 unique
842 835 930 903 illi
969 838 1173 905 instar
1213 837 1360 905 atrii
1378 821 1838 955 ³Capitolium
1875 851 1989 905 est.

343 969 412 1011 α.
455 945 620 1011 Tam
668 930 927 1011 hercle⁴
943 997 962 1029 ‚
1021 967 1219 1038 quam
1265 943 1447 1010 curia
1498 943 1853 1036 superioris
1901 945 2175 1012 Catonis
2221 943 2362 1012 effl-

234 1052 370 1143 gies
402 1048 491 1117 ad
527 1050 667 1143 ejus
706 1050 960 1144 generis
998 1048 1218 1118 officia
1252 1049 1703 1143 expromitur·
1687 1101 1706 1134 ‚
1734 1063 1993 1142 gratum
2033 1049 2364 1131 ordinem,

231 1157 346 1248 qui
377 1152 794 1225 utilissimum
829 1154 1216 1249 reipublicae-
1232 1170 1602 1223 senatorem
1642 1168 1901 1223 tantum
1934 1180 2068 1224 non
2105 1180 2365 1251 semper

218 1285 458 1329 secum
510 1261 809 1330 habitare
859 1260 1100 1346 voluit,
1149 1261 1454 1330 omnibus
1498 1262 1791 1329 numeris
1832 1263 2149 1330 virtutum
2192 1262 2364 1331 divi-

234 1381 404 1455 tem,
452 1370 791 1461 magisque
834 1392 954 1436 suo
1004 1369 1243 1436 merito
1296 1390 1495 1460 quam
1541 1366 1823 1436 fortunae
1858 1367 2181 1437 beneficio
2225 1393 2360 1437 ma-

236 1498 475 1567 gnum:
515 1474 708 1567 cujus
743 1475 925 1568 prius
962 1472 1264 1560 consilio,
1299 1498 1496 1567 quam
1528 1460 1889 1567 Scipionis⁵
1929 1476 2239 1569 imperi0‚
2267 1491 2367 1545 est

234 1577 448 1649 deleta
482 1580 837 1710 Carthago.

341 1684 410 1756 3.
443 1672 742 1756 Verum⁶
771 1689 1103 1780 specimen
1137 1688 1409 1757 honoris
1436 1710 1474 1755 a
1503 1688 1810 1781 Scipione
1833 1711 2098 1782 quoque
2127 1689 2367 1759 Nasica

237 1793 589 1878 oboritur3

235 1900 565 1991 quaestorii
580 1899 601 1937 ⁷

237 2090 390 2144 Male.
411 2090 563 2162 Capit
573 2113 594 2155 ;
620 2089 677 2144 id
700 2103 809 2156 est,
833 2092 1060 2164 percipit
1077 2091 1258 2164 Scipio

237 2184 354 2239 post
377 2183 625 2224 mortem.
647 2171 785 2223 Nam
801 2190 920 2242 quae
945 2171 1181 2243 Scipioni
1201 2173 1258 2225 in

237 2250 339 2301 vita
391 2252 592 2304 tributa
639 2263 789 2303 erant
827 2252 1122 2305 honorifica
1145 2291 1161 2319 ‚
1198 2270 1258 2304 ea

235 2330 482 2383 omittere
494 2331 662 2384 voluit
672 2332 918 2385 Valerius
928 2369 946 2397 ,
958 2332 1081 2403 quia
1095 2332 1259 2385 multa

237 2422 386 2475 sunt;
405 2408 500 2463 sed
525 2411 657 2474 hoc,
678 2410 822 2482 quod
846 2424 969 2483 post
982 2415 1095 2482 ejus
1114 2430 1259 2465 mor-

239 2500 342 2541 tem
388 2490 490 2561 ipsi
533 2491 845 2561 assignatum
882 2504 990 2556 est,
1033 2489 1260 2562 adjicere

238 2569 423 2623 voluit.

320 2669 370 2704 ι.
398 2651 552 2704 Jove.
575 2651 742 2721 Cujus
767 2652 906 2704 filius
928 2649 1259 2706 credebatur.

317 2751 369 2784 ο.
415 2731 609 2784 Munus.
636 2731 742 2784 Alii
776 2750 789 2783 ε
811 2733 994 2798 funus,
1024 2730 1170 2803 quod
1196 2752 1261 2785 ex

238 2830 384 2863 more
415 2830 606 2882 pompa
635 2811 921 2881 imaginum
947 2811 1109 2863 totius
1137 2812 1259 2864 stir-

239 2891 316 2962 pis
337 2891 605 2944 celebrare
630 2891 881 2944 solebant.
899 2889 1002 2943 Sed
1022 2902 1073 2943 et
1093 2911 1262 2944 munus

238 2970 411 3024 locum
432 2971 623 3036 habet,
651 2969 799 3043 quod
819 2989 1035 3023 munera
1064 2971 1261 3041 gladia·

237 3052 369 3103 toria
408 3051 533 3121 saepi
541 3069 600 3102 us
645 3051 701 3103 in
744 3051 1018 3103 funeribus
1059 3052 1262 3123 populo

237 3128 449 3184 dabant.

317 3212 347 3263 3
360 3253 373 3265 .
391 3212 546 3263 Arrii.
563 3211 609 3263 1.
630 3229 675 3263 e.
693 3229 856 3282 quum
877 3211 1103 3263 aliorum
1129 3209 1260 3263 ima-

237 3291 380 3361 gines
405 3292 464 3343 in
487 3288 676 3342 sedium
699 3291 848 3344 atriis
871 3290 1155 3353 asservari,
1184 3290 1262 3342 in-

236 3370 407 3443 deque
451 3370 682 3442 proferri
722 3371 921 3422 soleant
939 3407 956 3434 ,
1000 3369 1261 3440 Scipionis

237 3452 466 3522 effigiem
495 3450 746 3502 asservari
775 3451 831 3501 in
853 3449 1142 3519 capitolin,
1174 3450 1258 3501 in-

237 3529 405 3602 deque
429 3528 743 3600 depromere
763 3530 841 3582 sol
877 3530 1018 3581 bant.

315 3617 370 3674 4.
401 3611 522 3663 Tam
537 3610 714 3661 Hercle
734 3649 747 3662 .
760 3649 774 3661 .
789 3650 801 3663 .
818 3549 1128 3679 aisn-omitum
1152 3609 1260 3661 Sci-

238 3689 354 3743 licet
368 3729 385 3754 ,
406 3688 596 3742 eodem
618 3687 779 3741 modo
799 3687 1133 3760 expromitur
1151 3688 1260 3740 effi-

237 3771 341 3840 gies
353 3769 574 3823 Catonis
595 3768 881 3839 superioris
910 3769 966 3821 in
987 3767 1260 3819 funeribus

237 3850 401 3919 gentis
418 3849 620 3902 Porcia
638 3867 700 3901 ex
730 3849 892 3901 curia.
913 3847 998 3901 Sic
1021 3847 1261 3918 Kappius

238 3947 296 3980 ex
313 3940 439 3983 vett.
465 3927 590 3981 edd.
614 3929 865 3999 reposuit.
901 3928 1051 3999 Pigh.
1079 3938 1133 3978 et
1160 3927 1261 3979 Co-

239 4008 331 4061 ler.
370 4007 627 4061 dederant
658 4011 890 4078 superiori
922 4008 1100 4060 Catoni
1136 4001 1262 4067 (sci-

241 4081 380 4150 licet,
407 4089 574 4140 instar
603 4087 724 4138 atrii
746 4086 867 4150 est).
916 4087 1053 4138 Unde
1078 4085 1260 4156 effigies

241 4167 362 4218 illius
379 4169 453 4219 ad
466 4168 671 4239 ejusdem
692 4172 876 4236 generis
895 4207 906 4218 .
924 4205 935 4218 .
949 4205 963 4220 .
987 4167 1256 4219 Vorstius:

657 1793 795 1886 ejus
851 1817 1136 1887 namque
1192 1793 1498 1862 manibus
1545 1807 1615 1862 et
1664 1794 2011 1887 penatibus
2070 1794 2365 1864 nondum

619 1954 638 1985 ‚
682 1913 978 1987 senatus,
1021 1901 1237 1995 Pythii
1281 1897 1603 1993 Apollinis
1652 1901 1941 1987 monitu,
1983 1902 2367 1970 Pessinunte

1345 2090 1613 2161 Super-toris
1637 2090 1837 2144 Catonis
1854 2090 2037 2161 effigiei
2051 2113 2070 2145 .·
2089 2094 2212 2145 unde
2237 2095 2308 2146 ad

1345 2170 1638 2222 Torrenius
1669 2188 1684 2222 ε
1723 2170 1988 2241 Superioris
2028 2171 2227 2225 Catonis
2262 2175 2369 2244 effi-

1343 2253 1470 2318 εἰεί,
1502 2249 1689 2303 unde...
1712 2250 1862 2303 MSS.
1889 2251 2119 2315 variant,
2140 2253 2229 2306 alii
2248 2256 2370 2306 unde

1347 2326 1527 2382 delent
1541 2367 1555 2391 ,
1580 2329 1668 2382 alii
1698 2328 1884 2399 qffiffi'es
1908 2331 2127 2383 imusad
2141 2335 2274 2402 cujus
2286 2353 2371 2404 ge-

1347 2413 1472 2460 neris
1492 2409 1706 2479 legunt3
1728 2428 1919 2481 nempe
1938 2429 2055 2482 pro.
2077 2412 2149 2465 ad
2166 2415 2266 2481 ejus
2286 2433 2370 2484 ge-

1347 2493 1472 2540 neris
1498 2487 1697 2558 officim
1723 2490 1777 2542 in
1801 2488 1957 2542 codd.
1985 2491 2088 2543 suis
2112 2491 2372 2546 invenisse

1346 2567 1595 2623 videntur
1616 2571 1715 2640 ejus
1736 2569 1807 2622 ad
1824 2573 2013 2639 generis
2030 2570 2220 2640 officia,
2247 2571 2373 2629 hinc

1346 2660 1604 2720 putarunt
1624 2652 1726 2720 ejus
1750 2650 1938 2706 referri
1962 2648 2156 2705 dehere
2176 2651 2247 2706 ad
2269 2654 2369 2706 Ca-

1349 2735 1494 2792 tonis,
1523 2727 1671 2801 quod
1689 2749 1818 2784 vero
1844 2729 1911 2783 ad
1934 2736 2121 2802 generis
2142 2733 2371 2788 referen-

1348 2806 1476 2861 dum
1502 2822 1647 2872 erat;
1674 2821 1727 2862 et
1751 2810 2198 2882 interpretationis
2220 2831 2371 2867 causa

1347 2888 1676 2942 intruserunt
1699 2890 1940 2943 voculam
1973 2891 2112 2944 unde.
2145 2925 2225 2935 -—
2259 2895 2370 2946 Es·

1340 2972 1594 3038 promitur.
1630 2971 1689 3021 A.
1730 2970 1797 3021 U.
1837 2973 1966 3033 604.
2008 2972 2186 3025 Aurel.
2225 2974 2366 3027 vict.

1347 3048 1404 3100 in
1435 3049 1563 3112 vit.;
1596 3049 1711 3102 Liv.
1745 3049 1953 3113 XLIX}
1986 3050 2097 3103 Cic.
2132 3051 2248 3105 Cat.

1433 3128 1482 3181 5.
1511 3129 1763 3199 Scipionis.
1795 3128 1999 3200 Nempe
2027 3130 2317 3186 AEmiliani.

1413 3212 1482 3284 Δ6.
1529 3208 1724 3261 Verum.
1771 3207 1860 3261 sic
1881 3247 1898 3274 ‚
1942 3227 2107 3280 quum
2152 3210 2370 3282 Pighius

1347 3307 1507 3339 rat-um
1537 3286 1786 3341 edidisset
1803 3326 1822 3353 ‚
1854 3308 1881 3340 a
1912 3289 2174 3342 Torrenio
2211 3310 2369 3362 repo·

1345 3368 1505 3420 situm
1537 3379 1615 3420 est
1638 3404 1655 3431 ‚
1687 3386 1749 3419 ex
1780 3367 2181 3437 quatuordecim
2212 3370 2369 3426 MSS.

1345 3459 1399 3500 et
1419 3447 1670 3499 omnibns
1694 3444 1817 3499 edd.
1833 3448 1968 3498 Rara
1987 3461 2137 3501 erant
2168 3463 2371 3504 antece-

1344 3525 1523 3579 dentia
1554 3525 1841 3597 specimina
1884 3545 1897 3578 :
1936 3527 2038 3579 hoc
2072 3547 2266 3594 verum,
2309 3529 2365 3584 id

1345 3619 1454 3670 est,
1477 3608 1675 3678 justum
1690 3640 1709 3668 ,
1738 3603 1984 3659 solidum.
2003 3605 2131 3659 Vid.
2150 3609 2367 3664 Terent.

1344 3687 1483 3738 Eun.
1514 3688 1630 3751 IV,
1667 3685 1730 3750 5,
1767 3687 1816 3739 3.
1847 3719 1925 3729 —
1956 3686 2165 3739 Morum.
2197 3690 2260 3740 A.
2294 3691 2365 3745 U.

1351 3767 1482 3835 549.
1515 3766 1633 3819 Liv.
1660 3766 1878 3830 XXIX;
1903 3765 2063 3819 Ovid.
2096 3767 2229 3820 Fast.
2252 3769 2366 3836 1V3

1344 3846 1525 3899 Aurel.
1549 3846 1692 3899 Vict.
1721 3851 1828 3909 443
1854 3845 2062 3898 Solinus
2079 3884 2095 3910 ‚
2129 3865 2183 3915 7.

1428 3944 1481 3996 7.
1543 3926 1821 3991 Quaestor-ii.
1876 3923 2169 3977 Duodecim
2219 3926 2366 3982 MSS.

1345 4023 1467 4058 cum
1509 4005 1692 4057 multis
1728 4003 1851 4056 edd.
1898 4005 2179 4075 Quoestvnle.
2217 4006 2368 4076 Quae.

1346 4089 1518 4137 storius
1537 4082 1804 4137 interdum
1828 4097 1921 4140 est,
1944 4084 2033 4154 qui
2050 4097 2365 4160 quaesturam

1346 4169 1494 4235 gerit,
1529 4184 1637 4216 non
1666 4168 1830 4233 gessit.

2222 490 2360 561 125
2460 510 2481 524 ·
