3143 5204
563 501 773 569 CAP.
831 501 955 582 ΙΙ,
1011 501 1146 566 DE
1200 501 1967 571 CRUDELITATE.
2180 509 2318 598 149

217 633 663 726 relinquebat3
715 656 878 724 quos
924 655 1082 699 vero
1131 633 1199 698 in
1246 645 1458 699 castra
1508 632 1936 725 perduxerat,
1975 637 2154 727 paria
2193 634 2327 704 fere

210 741 487 807 fratrum
530 753 593 806 et
625 739 1145 832 propinquorum
1168 736 1488 830 jungenS,
1520 737 1698 807 ferro
1727 737 2110 808 decernere¹
2144 767 2328 834 coge·

211 846 317 913 bat
359 871 374 912 t
431 868 648 938 neque
700 858 851 911 ante
895 845 1210 938 sanguine
1262 842 1677 937 explebatur,
1731 868 1928 938 quam
1982 845 2063 914 ad
2117 871 2322 931 unum

211 953 527 1021 victorem
553 975 781 1020 omnes
808 946 1215 1042 redegisset².
1246 952 1435 1018 Justo
1462 974 1623 1044 ergo
1657 947 1837 1019 illum
1867 951 2048 1039 odio,
2072 977 2326 1020 verum-

209 1072 426 1126 tamen
463 1055 655 1125 tardo
692 1054 1051 1149 supplici0‚
1089 1069 1350 1124 senatus
1393 1058 1637 1124 Prusiae
1675 1058 1847 1151 regis
1888 1057 2134 1127 factum
2172 1083 2324 1152 sup·

211 1162 446 1255 plicem
489 1163 575 1231 ad
617 1160 1053 1230 voluntariam
1098 1175 1377 1229 mortem
1423 1161 1760 1255 compulit.

311 1266 380 1338 3.
424 1271 592 1337 Tam
648 1265 897 1351 hercle,
952 1291 1148 1360 quam
1204 1266 1655 1335 Mithridatem
1711 1293 1931 1362 regem
1953 1255 2000 1354 ³,
2042 1270 2155 1362 qui
2197 1294 2329 1337 una

211 1374 482 1468 epistola
522 1375 859 1468 octoginta
897 1372 1102 1442 millia
1140 1374 1380 1441 civium
1421 1398 1886 1459 romanorum,
1929 1375 1994 1441 in
2024 1377 2173 1443 Asia
2211 1400 2329 1469 per

214 1480 405 1548 urbes
474 1479 853 1575 negotiandi
922 1481 1131 1574 gratia
1189 1479 1517 1574 dispersa,
1574 1482 1903 1549 interemit
1928 1534 1945 1566 ,
2008 1495 2331 1575 tantaeque

213 1588 566 1680 provinciae
599 1585 956 1680 hospitales
994 1585 1152 1655 deos
1189 1587 1465 1679 injust0‚
1513 1586 1626 1654 sed
1668 1612 1803 1655 non
1845 1584 2054 1654 inulto
2097 1613 2332 1656 cruore

216 1694 517 1786 respersit
560 1717 573 1758 ε
618 1692 930 1784 quoniam
985 1717 1138 1761 cum
1187 1694 1473 1761 maximo
1516 1694 1852 1780 cruciatu,
1892 1682 2189 1761 veneno⁴
2227 1719 2329 1762 re-

214 1813 617 1892 pugnantem
651 1799 951 1892 spiritum
983 1822 1175 1867 suum
1207 1798 1471 1867 tandem
1502 1799 1933 1868 succumbere
1963 1802 2206 1893 coegit3
2242 1802 2335 1868 si-

214 1903 479 1998 mulque
517 1903 775 1998 piacula
813 1890 1154 1974 crucibus⁵
1199 1903 1324 1972 illis
1360 1904 1576 1991 dedit,
1620 1905 1856 1998 quibus
1893 1907 2137 1974 amicos
2175 1930 2327 1975 suos

217 2024 485 2078 auctore
530 2012 759 2079 Gauro
805 2009 1133 2104 spadone,
1183 2008 1563 2081 libidinosus
1616 2010 1966 2105 obsequio,
2024 2010 2332 2081 scelestus

218 2116 491 2210 imperio
532 2115 861 2184 affecerat.

322 2226 390 2307 ι..
449 2208 1002 2317 Numulizinthis⁶
1058 2222 1421 2317 Diogiridis
1475 2220 1590 2291 filii
1636 2222 1932 2291 Thraciae
1988 2226 2157 2317 regis
2211 2229 2333 2293 etsi

221 2426 405 2466 restres
418 2413 584 2485 copiae
598 2414 895 2484 polluerent
913 2449 929 2474 ‚
959 2426 1112 2483 atque
1129 2414 1234 2483 pri·
1275 2412 1284 2420 ’
1319 2411 1499 2464 millia.
1528 2412 1609 2465 De
1636 2430 1860 2465 numero
1880 2431 1988 2466 non
2016 2415 2338 2468 conveniunt

223 2513 307 2545 mo
327 2494 470 2545 bello
497 2492 695 2564 punico
720 2493 992 2545 maritimae
1008 2491 1234 2545 crudeli·
1320 2504 1570 2545 auctores,

225 2586 323 2628 tate
353 2591 498 2626 mare
525 2585 890 2644 corruperant.

304 2672 350 2706 ι.
385 2654 543 2706 Ferro
573 2653 829 2704 decernere.
877 2653 1125 2723 Captivos
1164 2653 1236 2705 ita

225 2745 444 2786 tractare
482 2733 765 2785 Poenorum
802 2731 963 2785 modo
998 2751 1106 2785 non
1138 2732 1239 2785 fuit

225 2813 528 2883 proprium,
569 2826 631 2864 ut
669 2810 825 2864 docet
856 2810 1238 2864 eruditissimus

225 2893 519 2944 casaubon.
542 2890 610 2942 ad
639 2892 782 2944 Suet.
801 2894 930 2962 Aug.
971 2882 1053 2944 13.

307 2993 354 3024 2.
408 2971 698 3038 Redegisset.
755 2971 871 3022 Alia
917 2968 1240 3023 crudelitatis

227 3054 334 3122 ejus
363 3051 603 3121 exempla
629 3051 740 3103 haec
769 3063 892 3101 sunt
922 3067 936 3102 z
981 3050 1118 3101 inter
1150 3068 1235 3102 ca-

228 3130 479 3182 daverum
519 3141 686 3181 strues
726 3130 780 3180 in
812 3130 1061 3182 cannensi
1094 3127 1240 3181 clade

230 3230 429 3263 mensas
455 3228 661 3283 parasse
690 3208 913 3273 dicitur,
935 3221 996 3261 ut
1015 3227 1122 3260 non
1148 3208 1243 3259 mi·

231 3310 326 3342 nus
350 3308 607 3342 caesorum
629 3289 905 3358 sanguine,
930 3307 1088 3359 quam
1118 3307 1245 3359 epu-

231 3370 397 3422 larum
443 3369 710 3440 voluptate
742 3368 1032 3420 satiaretur.
1065 3369 1243 3420 Disce·

228 3449 358 3502 dens
381 3467 597 3519 quoque
623 3467 684 3499 ex
708 3448 883 3511 Italia,
900 3466 1065 3516 quum
1085 3446 1150 3499 ad
1169 3448 1246 3497 fe·

232 3528 448 3581 rendam
478 3546 634 3597 opem
673 3527 856 3597 patriai
886 3539 1242 3591 revocaretur,

234 3628 414 3661 omnes
439 3607 598 3659 italici
635 3607 866 3676 generis,
906 3606 998 3676 qui
1024 3605 1078 3657 in
1104 3606 1247 3657 Arri·

233 3708 347 3741 cam
369 3688 523 3739 illum
547 3687 695 3756 sequi
721 3687 1008 3738 abnuentes
1037 3702 1247 3737 conces·

1405 2577 1458 2635 4.
1503 2571 1713 2624 Veneno.
1756 2571 1958 2625 Gellius
1998 2573 2190 2639 XVII,
2240 2580 2331 2641 16,

1325 2670 1379 2705 se
1414 2653 1589 2724 ipsum
1624 2652 1949 2705 interemisse
1986 2653 2193 2724 gladio,
2226 2658 2336 2708 Au-

1325 2731 1486 2784 relius
1511 2732 1579 2783 ab
1616 2731 1848 2785 immisso
1883 2732 2068 2798 Gallo,
2102 2754 2256 2805 quem
2288 2737 2342 2788 in

1325 2809 1520 2863 caedem
1537 2830 1687 2863 suam
1708 2809 1992 2883 adjuverit,
2025 2832 2135 2866 esse
2167 2814 2342 2886 gladio

1327 2891 1732 2960 interemptum,
1767 2904 2011 2960 narrant,
2051 2912 2216 2963 quum
2244 2897 2341 2947 XL

1326 2988 1491 3023 annos
1520 2987 1739 3022 romano
1765 2971 2035 3024 restitisset
2065 2973 2303 3045 imperio,

1412 3050 1459 3100 5.
1487 3050 1730 3102 Crucibus.
1750 3050 2034 3122 Suppliciis
2047 3065 2099 3105 et
2117 3066 2344 3109 tormen·

1328 3129 1412 3181 tis.
1444 3162 1520 3169 —
1557 3130 1742 3182 Gauro.
1771 3130 1927 3183 Hunc
1953 3130 2008 3183 in
2030 3130 2231 3186 deliciis
2248 3136 2347 3189 Mi·

1329 3206 1585 3260 thridates
1619 3208 1834 3275 habuit,
1871 3209 1937 3262 ad
1975 3213 2122 3280 cujus
2155 3226 2345 3267 nutum

1332 3287 1465 3338 nihil
1496 3306 1605 3339 non
1637 3288 1804 3340 facere
1840 3303 2052 3360 paratus
2081 3305 2207 3345 erat.
2246 3295 2347 3348 Hic

1333 3385 1456 3436 ergo
1479 3366 1673 3419 multos
1700 3369 1835 3438 regis
1866 3369 2059 3422 amicos
2078 3411 2093 3435 ,
2128 3374 2219 3442 qui
2244 3386 2347 3427 tam

1334 3525 1614 3596 periniquo
1642 3526 1817 3577 animo
1849 3527 2112 3593 ferebant,
2150 3529 2218 3582 de
2248 3551 2352 3584 me·

1334 3604 1425 3656 dio
1445 3603 1705 3657 tollendos
1729 3606 1947 3659 curavit.

1418 3689 1468 3736 6.
1512 3685 1889 3737 Numulizinthis
1934 3688 2204 3757 Diogiridis
2234 3688 2352 3759 filii.

236 3763 1251 3828 serantinLaciniaeJunonisdelubrum,
1338 3765 1543 3817 Nomen
1569 3764 2062 3831 Numulizinthisdn
2096 3767 2242 3820 MSS.
2267 3788 2356 3820 va-

239 3848 550 3899 inviolatum
569 3844 634 3898 ad
656 3864 768 3897 eam
789 3843 960 3908 diem,
984 3842 1253 3914 intemplo
1342 3844 1418 3895 rie
1449 3843 1707 3895 sc1ibitur.
1738 3844 1843 3895 Pro
1861 3843 1989 3913 filioe
2022 3846 2265 3917 Kappius
2299 3848 2354 3900 in

243 3926 351 3997 ipso
377 3925 517 3979 foede
546 3924 929 3994 crudeliterque
951 3922 1232 3975 interemit.
1347 3934 1543 3975 textum
1578 3923 1774 3993 recepit
1792 3921 1923 3991 filii,
1958 3943 2017 3975 ex
2052 3926 2362 3978 auctoritate

322 4009 372 4059 3.
407 4007 600 4074 Regem.
633 4007 767 4056 Anu.
800 4005 867 4055 U.
905 4003 1017 4056 665
1047 4016 1100 4055 et
1125 4007 1255 4070 690.
1351 4003 1699 4074 complurium
1725 4001 1871 4054 MSS.
1894 4014 1945 4053 et
1966 4001 2086 4054 edd.
2113 4024 2209 4056 nec
2237 4024 2363 4072 non,

249 4085 358 4137 Liv.
389 4086 710 4148 LXXV111;
739 4084 872 4135 Plut.
904 4083 958 4135 in
978 4084 1162 4152 Pomp.
1186 4114 1264 4123 —-
1354 4081 1476 4151 quia
1493 4082 1873 4134 Numuliztnehes
1890 4082 2041 4132 virile
2060 4101 2248 4135 nomen
2269 4099 2364 4151 est,

258 4164 533 4233 Octoginta.
591 4164 749 4216 Juxta
795 4162 1133 4216 Plutarchum
1179 4161 1268 4213 CL
1358 4175 1415 4214 ut
1443 4162 1608 4214 forma
1640 4164 1750 4232 ejus
1773 4163 1995 4231 proesert.
2029 4162 2167 4214 Tum
2191 4164 2232 4216 si
2257 4163 2370 4219 haeo

1879 4254 2005 4338 103
