3143 5204
494 435 895 522 cAP.1V‚
948 437 1084 504 DE
1136 436 2042 511 STRATEGEMATIS.
2239 438 2334 512 35

216 592 593 663 expugnare
624 593 761 637 non
790 582 1010 663 posset
1028 621 1049 655 ‚
1079 569 1253 637 intra
1286 582 1518 662 pectus
1553 593 1747 638 suum
1782 570 1894 639 diu
1924 570 2339 667 multumque

214 674 492 745 consiliis
529 675 824 769 agitatis,
851 676 1027 744 viam
1063 676 1339 769 reperit,
1368 694 1499 769 qun
1534 678 1947 771 propositum
1978 678 2062 747 ad
2092 681 2337 751 exitum

216 781 635 879 perduceret:
682 782 914 850 itinera
955 806 1200 877 magno
1242 784 1492 876 impetu
1535 784 2026 878 ingrediebatur
2049 840 2068 872 ‚
2105 786 2340 857 deinde

215 888 360 959 alias
410 903 617 984 atque
666 886 824 957 alias
879 890 1182 983 regiones
1223 888 1529 984 petebat:
1568 890 1779 959 modo
1827 890 1950 960 hos
2002 890 2342 964 obsidebat

217 1010 469 1065 montes
485 1050 507 1083 ,
554 994 753 1091 paulo
788 1007 940 1090 post
974 995 1060 1063 ad
1095 993 1242 1065 illos
1276 995 1921 1091 transgrediebatur3
1949 1022 2156 1093 quum
2188 1001 2348 1069 inte·
2415 1020 2428 1031 '

220 1104 333 1173 n'm
375 1117 520 1172 tam
566 1104 701 1172 suis
743 1102 1052 1171 omnibus
1073 1155 1094 1190 ‚
1131 1126 1333 1196 quam
1375 1103 1531 1196 ipsis
1581 1102 1881 1175 hostibus
1927 1107 2152 1201 ignota
2203 1121 2347 1175 erat

218 1231 404 1278 eausa
436 1210 798 1304 inopinatae
833 1209 974 1301 ejus
1007 1233 1085 1279 ac
1123 1209 1356 1279 subitae'
1389 1209 1865 1280 fluctuationis:
1904 1213 2344 1307 interrogatus

218 1340 476 1411 quoque
518 1340 559 1385 a
604 1315 893 1410 quodam
936 1317 1330 1387 amicissimo
1379 1315 1499 1385 sihi
1519 1369 1538 1403 ,
1583 1317 1756 1411 quid
1781 1322 1884 1387 ita
1925 1342 2241 1413 sparsum
2281 1335 2350 1387 et

219 1428 539 1491 incertum
606 1424 867 1492 militiae
918 1447 1140 1517 genus
1183 1438 1575 1517 sequeretur
1592 1425 1631 1491 P
1681 1454 1716 1489 «
1749 1424 2010 1495 Absiste
2029 1479 2048 1511 ,
2093 1427 2306 1519 inquit
2330 1477 2351 1511 ‚

220 1528 383 1597 istud
405 1527 421 1552 ¹
488 1554 829 1624 quaerere3
886 1553 1040 1598 nam
1099 1531 1152 1598 si
1208 1530 1403 1624 hujus
1466 1529 1717 1599 consilii
1778 1532 1908 1600 mei
1966 1533 2347 1601 interiorem

222 1637 503 1705 tunicam
549 1638 882 1706 consciam
938 1660 1203 1707 sensero
1223 1689 1243 1724 ‚
1287 1636 1607 1705 continuo
1650 1661 1796 1705 eam
1834 1639 2115 1708 cremari
2150 1638 2350 1732 jube-

223 1740 316 1810 bo.
348 1772 384 1806 »
431 1744 775 1832 Quorsum
818 1743 1019 1837 igitur
1059 1744 1183 1811 ista
1223 1740 1652 1812 dissimulatio
1695 1743 1962 1838 erupit?
1997 1758 2112 1812 aut
2153 1769 2351 1838 quem

223 1846 411 1917 finem
449 1848 733 1918 habuit?
772 1852 1129 1943 Postquam
1174 1874 1334 1919 vero
1355 1846 1374 1872 ²
1410 1863 1479 1916 et
1521 1851 1880 1918 exercitum
1922 1876 2113 1919 suum
2156 1852 2353 1945 igno-

224 1957 467 2043 rantia,
506 1970 575 2024 et
608 1970 816 2025 totam
846 1954 1269 2024 Celtiberiam
1302 1980 1528 2025 errore
1554 1954 1959 2050 implicavit3
1984 1982 2188 2051 quum
2227 1956 2355 2027 alio

224 2086 485 2131 cursum
520 2062 894 2148 direxisset,
930 2062 1148 2131 subito
1181 2061 1266 2130 ad
1296 2063 1727 2131 Contrebiam
1763 2063 2050 2150 reflexit,
2079 2088 2355 2158 eamque

227 2169 626 2262 inopinatam
654 2183 721 2238 et
745 2170 1092 2238 attonitam
1122 2170 1482 2264 oppressit3
1508 2192 1669 2262 ergo
1699 2169 1820 2237 nisi
1852 2184 2140 2238 mentem
2169 2195 2356 2239 suam

226 2273 404 2344 dolos
437 2277 719 2345 scrutari
761 2277 1118 2371 coegisset,
1154 2274 1240 2343 ad
1281 2274 1583 2351 ultimam
1624 2275 1685 2343 ei
1730 2289 2138 2344 senectutem
2179 2276 2357 2370 apud

230 2384 461 2451 moenia
507 2381 882 2453 Contrebiae
925 2396 1182 2450 armato
1218 2380 1581 2450 sedendum
1624 2365 1871 2450 foret³.

489 2608 603 2660 DE
651 2606 747 2660 ST
767 2604 1391 2660 RATEGEMATIS
1441 2605 2086 2659 EXTERNORUM.

346 2813 398 2856 1.
450 2773 892 2882 Agathocles⁴
929 2800 1189 2872 autem,
1234 2785 1795 2879 Syracusanorum
1838 2808 1987 2870 rex,
2026 2783 2364 2854 audaciter

174 2945 179 2952 -
241 2893 539 2963 callidus.
577 2919 783 2987 quum
818 2893 993 2961 enim
1031 2892 1261 2960 urbem
1289 2891 1431 2984 ejus
1469 2891 1717 2984 majore
1747 2915 1828 2958 ex
1855 2904 2042 2984 parte
2078 2892 2359 2960 Cartha·-

244 3003 551 3131 ginienses
594 3013 1063 3094 occupassent,
1091 2999 1449 3067 exercitum
1496 3021 1688 3065 suum
1730 2997 1798 3063 in
1837 2995 2130 3064 Africam
2167 2998 2362 3092 traje-

244 3093 355 3176 cit⁵
358 3123 472 3196 ‚ut
498 3121 749 3176 metum
774 3120 992 3193 metu,
1013 3107 1148 3173 vim
1173 3105 1242 3173 vi
1266 3104 1658 3174 discuteret·
1640 3127 1892 3196 ‚neque
1923 3104 2061 3171 sine
2088 3103 2361 3174 effectu.

244 3319 421 3391 spania
431 3319 721 3371 Tarracon.
732 3313 1076 3386 significatur,
1086 3331 1253 3386 quum
1338 3323 1427 3364 set.
1463 3310 1637 3364 Sedere
1680 3311 1784 3364 hoc
1818 3312 1938 3363 loco
1978 3321 2057 3363 est
2093 3310 2362 3376 desidere,

245 3397 608 3452 &Celtiberia
632 3396 699 3449 sit
718 3412 912 3451 sermo.
1340 3391 1553 3444 morari.
1571 3390 1701 3444 Vid.
1726 3391 1865 3462 Nep.
1894 3391 2046 3456 XIV,
2067 3394 2135 3454 8,
2156 3411 2211 3458 1,
2246 3401 2361 3464 pag

321 3497 367 3531 1.
390 3477 546 3531 Istud.
577 3476 794 3547 Pighius
819 3488 872 3526 et
893 3474 983 3526 alii
1008 3477 1134 3537 ism,-
1162 3471 1254 3527 sed
1348 3472 1477 3537 143,
1508 3484 1703 3524 nostrae
1731 3469 1998 3523 editionis.

244 3570 440 3629 pratu
472 3557 636 3620 estud,·
663 3569 850 3629 utpote
875 3554 1062 3607 melius
1091 3572 1252 3607 unam
1422 3557 1477 3614 4.
1509 3549 1823 3620 Agathocles.
1838 3549 1970 3604 vid.
1985 3550 2143 3603 Diod.
2162 3549 2230 3603 de
2249 3531 2362 3606 reb.

246 3656 343 3691 rem
374 3638 634 3710 qum-emi
661 3634 996 3690 conveniens.
1341 3630 1602 3684 Alexand.
1628 3631 1822 3684 sustin.
1849 3631 2038 3695 xxn,
2062 3629 2114 3683 5.
2136 3632 2366 3702 Agatho-

319 3739 369 3771 ι.
393 3720 449 3770 V
443 3737 542 3771 ero
562 3711 714 3770 Hanc
729 3731 916 3768 vocem
930 3709 1076 3766 Med.
1096 3711 1253 3783 prim.
1341 3711 1446 3764 cles
1464 3730 1526 3764 ex
1543 3710 1736 3763 humili
1753 3709 1900 3782 figuli
1922 3721 2062 3763 sorte
2084 3709 2156 3763 ad·
2168 3711 2367 3782 regiam

247 3795 390 3851 delet.
409 3796 569 3851 Hand
587 3798 828 3869 profecto
846 3791 1087 3846 absurde.
1114 3792 1253 3845 Ultr.
1341 3794 1665 3863 majestatem
1696 3804 1905 3844 evectus
1931 3802 2026 3843 est.
2051 3822 2130 3837 —--
2150 3788 2372 3844 Audaci·

246 3894 338 3932 sec.
363 3897 500 3930 vem.
533 3877 739 3942 Quarit
764 3871 1054 3928 Tormnius
1078 3889 1256 3925 annon
1345 3882 1428 3924 ter.
1463 3869 1696 3937 Quidam
1717 3870 1960 3922 audacter.

250 3958 482 4012 Valerius
505 3957 777 4029 scripserit
794 3958 927 4017 veri,
949 3964 1012 4007 ut
1032 3953 1102 4006 sit
1125 3955 1260 4021 igno-
1427 3951 1479 4004 5.
1530 3952 1757 4021 ijecie.
1786 3948 1946 4015 Quod
1977 3962 2030 4001 et
2054 3941 2236 4021 Scipio
2254 3951 2366 4004 alii-

250 4042 398 4090 mntia
418 4042 542 4090 ‘za-i.
1345 4049 1448 4103 que
1464 4032 1703 4084 fecerunt
1711 4031 2005 4101 ‚optimum
2018 4029 2143 4090 rati.
2161 4030 2364 4102 hostem

326 4119 374 4170 3.
395 4116 665 4172 seda-dum
684 4118 827 4178 sont.
848 4115 998 4168 For-ee
1017 4127 1118 4185 pro
1129 4114 1261 4179 [αἰε-
1349 4112 1405 4163 in
1438 4112 1604 4182 ipsius
1629 4123 1767 4163 terra
1795 4107 2024 4180 aggredi.

1887 4206 1967 4278 3,
