3143 5204
403 490 590 559 CAP.
647 488 855 574 XIII,
910 487 1033 554 DE
1092 484 1627 556 SENECTUTE
1680 487 2039 554 MEMOR.
2166 510 2190 555 1
2220 511 2294 555 11

180 620 399 705 dum',
437 622 624 714 cujus
662 620 1100 710 architectum
1139 616 1480 687 Philonem
1526 620 1617 687 ita
1655 616 1939 689 facunde
1988 620 2306 688 rationem

183 729 600 797 institutionis
643 752 777 796 suae
822 729 888 796 in
935 720 1199 796 theatro
1242 725 1601 796 reddidisse
1642 740 1935 813 constat,
1974 742 2050 795 ut
2092 726 2305 795 diser-

181 836 464 905 tissimus
505 833 792 929 populus
835 859 972 904 non
1021 836 1340 902 minorem
1392 832 1653 903 laudem
1702 831 2087 927 eloquentiae
2128 833 2269 927 ejus
2291 886 2310 921 ,

183 966 374 1035 quam
416 943 577 1029 arti,
619 941 956 1012 tribueret.

285 1046 353 1118 3.
395 1048 686 1117 Mirifice
719 1062 788 1117 et
819 1044 968 1117 ille²
1008 1046 1275 1133 artifex,
1311 1048 1423 1141 qui
1455 1047 1522 1114 in
1560 1050 1762 1141 op'ere
1795 1072 1915 1115 suo
1952 1048 2206 1115 moneri
2247 1072 2315 1115 se

188 1179 223 1222 a
250 1170 475 1223 sutore
503 1154 587 1223 de
616 1154 887 1250 cnepidu
921 1170 989 1224 et
1019 1152 1265 1223 ansulis
1301 1178 1564 1248 passus,
1598 1153 1681 1221 de
1716 1178 1910 1224 crure
1945 1154 2142 1221 etiam
2173 1152 2311 1221 dis-

186 1276 414 1354 putare
458 1261 920 1356 incipientem,
964 1285 1164 1355 supra
1199 1259 1494 1356 plantam
1537 1259 1939 1329 adscendere
1976 1262 2203 1329 vetuit.

864 1408 1297 1555 CAPUT
1355 1390 1641 1549 ΧΙΙΙ.

585 1667 681 1729 De
704 1679 1007 1730 senectute
1039 1664 1431 1730 memorabili
1451 1662 1475 1702 ³
1503 1667 1573 1728 in
1604 1666 1921 1730 Romanis.

204 1865 238 1895 ι.
258 1851 320 1895 Π.
340 1848 534 1895 valerio
557 1849 712 1895 Corvo
734 1848 881 1895 sexies
908 1848 1015 1894 Cos.
1039 1875 1102 1884 —-
1129 1864 1170 1894 2.
1196 1850 1249 1895 1..
1270 1848 1463 1895 Metello
1486 1858 1622 1911 pont.
1646 1863 1769 1895 mx.
1788 1875 1849 1883 —
1877 1849 1923 1896 3.
1951 1850 2009 1907 Q.
2032 1849 2174 1896 Fabio
2198 1851 2328 1896 Max.

253 1930 528 1974 Veri-neoto.
548 1935 666 1983 -4,
683 1928 753 1974 Μ.
770 1930 1004 1989 Perperna
1022 1928 1248 1973 censorio.
1268 1954 1328 1962 —
1356 1928 1397 1973 5.
1423 1928 1543 1990 App.
1564 1927 1762 1975 Claudio
1783 1929 1931 1975 Caeco.
1953 1955 2013 1963 —-
2036 1927 2085 1975 6.
2115 1929 2326 1976 Mulieri·

253 2007 365 2063 bus,
387 2008 543 2059 Livia,
571 2006 808 2061 Terentia,
837 2016 885 2054 ct
905 2005 1084 2054 Clodia.

616 2148 718 2221 DZ
740 2169 1041 2222 senectute
1076 2157 1470 2223 memorabili
1477 2159 1561 2238 §in
1591 2159 1916 2223 Extemis.

211 2351 245 2381 1.
269 2338 470 2383 nien-one
486 2336 657 2383 siciliae
672 2364 684 2381 .
705 2344 754 2382 et
766 2336 1009 2382 Masinissa
1026 2334 1257 2382 Numidiae
1279 2335 1484 2397 regibus.
1503 2360 1564 2369 ——
1589 2335 1821 2396 2.Gorgiu
1850 2336 2099 2381 Leontino.
2114 2363 2173 2371 —
2190 2336 2232 2383 3.
2247 2340 2333 2382 Xe·

261 2417 455 2479 nophilo
485 2416 785 2464 chalcidensi.
810 2442 872 2451 -
898 2423 941 2471 4.
966 2416 1288 2481 Argmthonio
1314 2415 1659 2464 Gaditanorum
1682 2431 1809 2477 rege.
1837 2442 1897 2451 -—
1924 2416 1968 2464 5.
1993 2417 2336 2478 Aethiopibus,

261 2498 411 2550 Indis,
435 2508 486 2543 et
503 2496 778 2558 Epimenide
804 2497 996 2542 Gnosio.
1018 2523 1079 2532 —
1101 2497 1147 2543 6.
1169 2498 1321 2544 Gente
1343 2498 1567 2559 Epicu-um
1585 2496 1771 2544 AEtola.
1791 2523 1851 2531 -
1873 2512 1918 2557 7.
1944 2497 2197 2543 Dautlione
2214 2512 2333 2557 quo-

261 2576 389 2634 dam,
412 2586 461 2624 et
479 2577 766 2624 Latmiorum
790 2577 977 2639 regibus
1000 2576 1203 2624 duobus.

331 2738 440 2792 DE
483 2737 1004 2791 SENECTUTE
1044 2735 1618 2791 MEMORABILI
1660 2736 1748 2790 IN
1788 2737 2203 2792 ROMANIS.

308 2902 624 2970 Senectus
673 2925 935 2994 quoque
985 2899 1068 2969 ad
1124 2898 1430 2969 ultimum
1477 2901 1576 2969 sui
1619 2899 1821 2969 finem
1865 2917 2181 2995 provecta
2204 2955 2223 2988 ,
2268 2905 2333 2971 in

217 3007 334 3077 hoc
377 3006 611 3092 eodem
664 3031 863 3101 opere
882 2992 930 3094 ⁴,
980 3008 1152 3077 inter
1197 3004 1499 3101 exempla
1543 3006 1917 3095 industriae,
1968 3010 2033 3076 in
2088 3008 2336 3103 aliquot

221 3111 400 3182 claris
435 3115 596 3184 viris
639 3127 991 3208 conspecta
1034 3128 1165 3201 est;
1209 3128 1584 3209 separatum
1627 3127 1847 3183 tamen
1886 3129 1951 3183 et
1991 3117 2337 3210 proprium

224 3220 470 3289 titulum
511 3221 792 3307 habeat,
834 3245 958 3308 ne,
1007 3222 1114 3290 cui
1164 3219 1443 3289 deorum
1492 3219 1964 3290 immortalium
2011 3225 2342 3317 praecipua

228 3326 621 3424 indulgentia
657 3326 902 3414 adfuit,
936 3342 1162 3397 nostra
1207 3312 1478 3397 ornata⁵
1515 3329 1767 3396 mentio
1801 3327 2085 3397 defuisse
2109 3331 2340 3398 ⁴existi-

305 3547 351 3582 1.
386 3529 664 3582 Viaemhm.
692 3528 817 3581 Sine
840 3526 1008 3581 dubio
1032 3528 1235 3581 vulerii
1320 3528 1357 3580 l.
1387 3528 1485 3590 lx,
1515 3535 1613 3593 143
1634 3528 1824 3582 AElian.
1848 3529 1957 3594 IX,
1983 3548 2004 3582 1
2023 3548 2071 3582 1.
2088 3563 2167 3573 -
2187 3530 2346 3600 Supra

232 3619 453 3680 tempore
470 3608 647 3662 adhuc
663 3609 897 3662 exstabat
914 3626 1049 3679 opus
1066 3605 1201 3660 illud
1216 3649 1231 3673 ,
1291 3665 1302 3672 ,
1316 3609 1556 3679 plantam.
1580 3607 1663 3660 Ad
1689 3628 1773 3661 res
1789 3647 1805 3673 ‚
1833 3628 2058 3681 quarum
2081 3609 2346 3681 cognitio-

233 3690 454 3741 omnium
470 3689 589 3742 visu
607 3686 826 3759 dignum
848 3707 862 3741 ε
883 3706 1027 3741 nunc
1047 3705 1117 3740 ne
1134 3688 1235 3740 mi·
1322 3706 1442 3762 nem
1463 3707 1570 3740 non
1591 3689 1824 3742 haberet.
1842 3689 1921 3742 Ne
1944 3702 2079 3742 sutor
2097 3691 2226 3741 ultra
2246 3710 2348 3741 cre-

233 3767 421 3821 nimmn
434 3765 653 3841 quidem
673 3770 786 3840 ejus
797 3768 978 3839 vestig.
999 3780 1233 3839 apparet.
1317 3768 1511 3840 pidum,
1545 3767 1672 3821 inde
1699 3770 1827 3823 abiit
1857 3770 1909 3822 in
1942 3771 2305 3842 proverbium.

307 3867 352 3900 2.
397 3851 504 3903 lue.
541 3850 772 3921 Apelles.
795 3847 939 3903 Vide
976 3848 1236 3915 Plinium,
1411 3849 1462 3901 3.
1494 3849 1800 3901 Memor-abili
1829 3850 1882 3902 in
1908 3849 2171 3922 plerisque
2198 3849 2345 3903 MSS.

239 3919 458 3993 xxm,
495 3945 584 3984 to.
621 3959 702 3971 —-
736 3929 954 3982 Ansam.
994 3927 1155 3995 Quod
1182 3929 1237 3980 in
1326 3942 1380 3982 et
1403 3927 1524 3981 edd.
1555 3929 1773 3983 vetustis
1803 3931 2084 3983 omittitur.

238 4007 452 4079 crepidis
500 4009 776 4082 pauciores
823 4009 1025 4061 fecisset
1073 4027 1237 4061 ansas.
1413 4015 1463 4071 4.
1509 4010 1695 4061 Eodem
1727 4030 1880 4081 opere.
1916 4008 2044 4063 vid.
2074 4009 2238 4073 VIII,
2270 4029 2322 4078 7.

243 4085 380 4139 Ansoe
405 4101 525 4142 sunt
556 4090 710 4156 unci,
737 4106 834 4160 per
869 4108 1001 4160 quos
1030 4092 1239 4158 trajecta
1415 4091 1464 4140 5.
1516 4091 1725 4142 Ornata.
1770 4089 1980 4161 Lipsius
2019 4102 2074 4141 et
2108 4089 2354 4141 vorstius

242 4164 340 4218 lora
371 4168 554 4239 pedem
597 4167 1003 4239 adstringebant.
1040 4169 1241 4222 Tibull.
1332 4170 1535 4222 malunt
1558 4175 1799 4231 oratione,
1834 4189 1903 4224 ne
1932 4170 2174 4223 Valerius
2196 4169 2351 4221 nimis
