3143 5204
394 420 612 488 CAP.
671 419 744 500 Ι,
801 418 941 487 DE
993 418 1498 487 JUDICIIS
1552 420 2083 490 PUBLICIS.
2207 423 2296 494 61

202 553 476 646 mitigata
515 553 874 635 concione,
906 551 1021 645 qui
1057 552 1352 619 omnium
1391 575 1716 620 consensu
1761 555 2091 647 periturus
2132 572 2309 640 erat,

202 683 371 752 paene
411 656 669 727 nullum
714 658 898 728 triste
934 656 1322 751 suffragium
1370 657 1621 726 habuit.
1666 659 2117 729 Misericordia
2152 688 2312 758 ergo

201 763 358 832 illam
393 766 824 858 quaestionem
847 816 867 849 ‚
903 788 1037 831 non
1085 765 1361 857 aequitas
1405 766 1571 833 rexit
1608 790 1622 831 ε
1659 767 1972 857 quoniam
2015 793 2160 861 quae
2205 771 2312 836 in-

203 871 503 940 nocentiae
543 870 746 939 tribui
788 871 1128 964 nequierat
1168 867 1494 939 absolutio
1515 868 1558 957 ¹,
1595 875 1920 966 respectui
1955 897 2310 967 puerorum

203 975 339 1045 data
370 992 489 1046 est.

298 1080 358 1152 3.
388 1085 927 1153 Consentaneum
951 1081 1128 1177 quod
1157 1080 1507 1176 sequitur²3
1528 1087 1606 1151 A.
1638 1071 1995 1155 Gabinius³
2021 1087 2089 1154 in
2113 1089 2315 1155 maxi-

206 1213 301 1257 mo
325 1188 612 1258 infamiae
644 1213 777 1259 suae
812 1189 1050 1258 ardore
1085 1188 1414 1284 suffragiis
1447 1189 1715 1284 populi,
1745 1191 1822 1261 C.
1857 1194 2175 1262 Memmio
2209 1216 2316 1262 ac—

205 1310 492 1364 cusatore
508 1348 527 1381 ,
550 1295 921 1389 subjectus,
949 1295 1246 1389 abruptae
1270 1320 1411 1364 esse
1438 1297 1580 1390 spei
1599 1296 1981 1385 videbatur,
2008 1301 2317 1391 quoniam

205 1416 261 1469 et
297 1404 633 1471 accusatio
681 1417 901 1497 partes
944 1426 1094 1472 suas
1139 1400 1333 1495 plene
1380 1402 1771 1486 exhibebat,
1812 1419 1878 1473 et
1924 1405 2322 1476 defensionis

203 1508 489 1602 praesidia
523 1506 811 1578 invalida
853 1508 984 1577 fide
1032 1508 1453 1593 nitebantur3
1495 1523 1565 1578 et
1606 1512 1720 1603 qui
1756 1510 2185 1602 judicabant,
2226 1514 2321 1580 ira

204 1602 547 1709 praecipiti⁴
567 1638 832 1711 poenam
856 1614 1144 1684 hominis
1165 1614 1404 1709 cupide
1426 1605 2322 1713 expetebant5210iturlictor⁵

204 1735 262 1789 et
280 1745 509 1790 carcer
536 1736 692 1790 ante
714 1719 943 1792 oculos
972 1722 1535 1808 obversabantur,
1570 1747 1776 1815 quum
1807 1725 2067 1793 interim
2100 1727 2322 1793 omnia

205 1828 316 1896 ista
341 1830 653 1924 propitiae
683 1827 964 1898 fortunae
992 1830 1366 1897 interventu
1393 1826 1682 1922 dispulsa
1713 1843 1904 1914 sunt3
1935 1830 2107 1899 filius
2138 1856 2322 1900 nam-

204 1959 318 2028 que
357 1935 632 2004 Gabinii
670 1936 946 2004 Sisenna
987 1935 1534 2005 consternationis
1568 1934 1857 2029 impulsu
1894 1935 1980 2004 ad
2015 1937 2214 2031 pedes
2256 1964 2324 2007 se

204 2042 494 2110 Memmii
530 2038 810 2136 supplex
842 2042 1236 2135 prostravit;
1273 2018 1424 2109 inde
1464 2040 1730 2135 aliquod
1766 2042 2133 2112 fomentum
2171 2071 2323 2140 pro-

206 2145 372 2217 cellae
416 2162 692 2243 petens,
744 2148 922 2216 unde
969 2162 1146 2217 totus
1199 2149 1482 2242 impetus
1535 2151 1940 2242 tempestatis
1981 2167 2326 2244 eruperat:

206 2278 440 2384 quem
450 2256 628 2323 truci
684 2254 872 2324 vultu
934 2278 973 2322 a
1031 2279 1101 2323 se
1161 2255 1376 2323 victor
1431 2252 1717 2323 insolens
1778 2253 2153 2349 repulsum,
2208 2283 2327 2327 ex-

208 2346 440 2430 cusso⁶
494 2386 533 2429 e
587 2383 790 2429 manu
838 2359 1082 2430 annulo
1135 2362 1321 2430 humi
1370 2360 1592 2452 jacere
1648 2359 2052 2454 aliquamdiu
2101 2387 2329 2457 passus

208 2482 312 2536 est.
370 2466 581 2557 Quod
627 2466 1073 2563 spectaculum
1119 2466 1309 2555 fecit,
1360 2480 1437 2536 ut
1476 2466 1716 2536 Laelius
1767 2468 2071 2538 tribunus
2122 2469 2329 2564 plebis

208 2574 725 2670 approbantibus
771 2575 1026 2645 cunctis
1070 2521 1428 2644 Gabinium
1473 2573 1711 2643 dimitti
1750 2574 2047 2668 juberet,
2092 2600 2170 2658 ac
2210 2578 2329 2648 do-

285 2789 335 2823 1.
367 2769 650 2822 Absolute.
672 2769 865 2840 Inique
901 2781 1074 2821 tamen
1104 2767 1225 2821 data
1313 2769 1369 2820 in
1409 2767 1651 2821 exsilium
1690 2767 1850 2834 abiit;
1896 2767 2039 2822 unde
2070 2790 2097 2824 a
2131 2772 2333 2826 Caesare

211 2848 430 2903 videtur.
448 2850 588 2902 Nam
604 2847 1228 2920 misericorditeragendo
1313 2846 1570 2900 dictatore
1597 2860 1870 2900 revocatus
1894 2863 1990 2902 est.

212 2947 321 2982 cum
356 2929 570 3002 pueris,
599 2929 763 3000 impie
793 2940 966 2981 actum
998 2941 1075 2981 est
1105 2947 1230 2982 cum
1398 2934 1450 2990 4.
1488 2927 1573 2979 Im
1596 2930 1851 2997 pra-cipiti.
1885 2928 2045 2981 Multi
2071 2929 2231 2984 MSS.
2258 2937 2333 2984 im

212 3009 468 3062 Lusitanis
484 3021 596 3061 tam
612 3009 772 3079 impie
788 3007 1083 3066 trucidatis,
1102 3027 1232 3080 proe-
1309 3010 1495 3076 perciti.
1519 3004 1624 3059 Sed
1642 3007 1933 3060 Torrenius
1943 3013 2188 3081 praecipiti
2206 3031 2336 3083 prae.

214 3090 383 3142 sertim
432 3109 602 3161 quum
649 3089 806 3141 liberi
850 3090 962 3159 ejus
1011 3089 1110 3141 alia
1146 3086 1230 3140 via
1318 3086 1436 3139 fert.
1460 3088 1683 3157 Praeeceps
1698 3090 1773 3138 ira
1787 3101 2027 3159 est‚quae
2043 3108 2160 3153 eos,
2181 3110 2334 3147 causa

213 3171 370 3239 juvari
398 3180 667 3240 poterant.
1317 3165 1558 3217 nondum
1588 3167 1744 3237 plane
1773 3168 1979 3238 cognita
1997 3209 2010 3233 ,
2036 3170 2339 3242 impellebat

289 3269 342 3301 α.
385 3249 633 3321 Sequitur.
658 3250 759 3300 An.
793 3248 865 3301 U.
896 3251 1030 3315 699.
1059 3247 1230 3301 Cicer.
1321 3247 1391 3297 ad
1402 3245 1708 3314 expetendam
1724 3247 1890 3316 cupide
1916 3246 2115 3300 hominis
2129 3271 2338 3322 poenam.

220 3327 277 3381 sd
300 3325 953 3396 Att.1v‚16‚17;ad
979 3328 1084 3392 Qu.
1112 3327 1232 3378 frat.

221 3409 292 3461 ῙῘῙ
302 3447 319 3473 ,
346 3431 392 3462 ι.

295 3489 346 3541 3.
365 3487 627 3543 Gabinius.
646 3485 906 3540 Gabinius
927 3486 1093 3556 Syria
1108 3505 1235 3556 pro-

226 3569 508 3621 cossuerat.
530 3570 818 3620 Accusatus
834 3578 1009 3618 autem
1032 3578 1107 3617 est
1126 3567 1237 3637 pri-

231 3665 307 3698 mo
318 3647 599 3719 majestatis
608 3685 622 3706 .
638 3644 783 3717 quod
796 3644 865 3698 ad
878 3644 1236 3699 reducendum

234 3725 282 3777 iu
298 3731 580 3800 AEgyptnm
597 3728 938 3779 Ptolemaeum
954 3726 1239 3796 provinciae

237 3823 327 3858 sue
343 3808 537 3860 finibus
563 3806 861 3860 excessisset
889 3825 902 3859 ε
939 3803 1135 3858 deinde
1157 3823 1238 3858 re·

240 3887 589 3955 pemndamm.
614 3887 684 3939 Et
708 3885 887 3958 priore
912 3883 1127 3957 quidem
1156 3888 1238 3954 ju-

243 3962 391 4032 dicio,
426 3966 571 4039 quod
598 3986 628 4018 a
658 3978 843 4018 nostro
870 3964 1130 4036 designari
1163 3966 1240 4016 vi-

246 4042 407 4110 detur,
431 4047 700 4118 cor-ruptis
734 4044 1003 4116 judicibus
1042 4045 1245 4097 absolu·

1406 3326 1457 3378 5.
1490 3327 1670 3378 Lictor.
1697 3327 1948 3399 Quinque
1969 3328 2116 3383 MSS.
2150 3336 2339 3400 viator,

1322 3403 1467 3477 quod
1504 3405 1788 3458 Torrenius
1818 3418 1965 3459 tanto
1996 3410 2162 3480 magis
2183 3430 2211 3463 a
2230 3415 2338 3466 Va-

1322 3485 1454 3537 lerio
1479 3486 1776 3556 profectum
1802 3486 1971 3540 credit
1992 3529 2007 3552 ,
2037 3490 2162 3560 quia
2188 3511 2340 3546 accu-

1323 3577 1465 3617 sator
1494 3567 1607 3635 ejus
1647 3567 1930 3620 Memmius
1957 3582 2068 3622 erat
2097 3571 2339 3626 tribunus

1326 3645 1508 3716 plebis.
1523 3647 1555 3698 J
1558 3665 1643 3700 am
1661 3664 1788 3699 vero
1806 3647 2037 3701 tribunis
2058 3649 2224 3719 plebis
2249 3670 2343 3724 ap-

1326 3727 1581 3797 parebant
1605 3729 1831 3780 viatores.

1407 3810 1460 3858 6.
1503 3807 1739 3859 Excusso.
1782 3808 1970 3878 [nique
2015 3809 2161 3872 tulit,
2198 3810 2346 3865 illum

1327 3905 1475 3937 reum
1487 3886 1858 3938 annulumnon
1875 3885 2195 3957 deposuisse,
2203 3893 2347 3960 quod

1327 3966 1592 4036 lugentes,
1635 3967 1937 4029 aerumnosi,
1973 3968 2234 4038 supplices
2274 3974 2348 4026 fa·

1329 4064 1447 4098 cerc
1471 4047 1725 4097 solebant.
1747 4046 1833 4098 Sic
1852 4047 2085 4117 populus
2106 4068 2351 4106 romanus

248 4134 319 4176 tus
342 4140 442 4180 est:
481 4127 775 4199 posteriore
809 4144 936 4179 vero
967 4124 1243 4178 damnatus
1332 4124 1507 4180 audita
1526 4144 1654 4197 pace
1673 4124 1898 4179 caudina
1918 4129 2139 4180 annulos
2156 4134 2348 4202 posuit.
