3143 5204
785 498 924 581 124

1108 495 1553 563 VALERII
1624 497 2037 564 MAXIMI
2106 499 2293 567 LIB.
2353 499 2577 566 VIII.

773 631 929 723 quia
971 652 1155 723 aeque
1177 626 1192 652 ¹
1234 630 1656 723 praemiorum
1699 632 1960 700 virtutis
1997 646 2193 724 atque
2230 631 2562 701 honorum
2601 646 2897 707 contem-

776 735 978 830 platio
1016 734 1374 829 judicanda
1420 751 1554 823 est3
1596 738 1737 831 ipsa
1779 751 2016 805 natura
2060 736 2250 806 nobis
2292 735 2697 807 alacritatem
2744 739 2898 806 sub·

775 843 1231 928 ministrante,
1267 867 1472 938 quum
1505 843 1827 913 honorem
1869 843 2187 913 industrie
2231 846 2496 938 appeti,
2532 859 2601 913 et
2649 844 2903 913 exsolvi

778 962 966 1042 grate
1011 948 1328 1018 videmus.
1380 952 1633 1018 Verum
1688 951 1809 1018 etsi
1858 974 2043 1019 mens
2086 950 2217 1019 hoc
2272 949 2419 1019 loco
2469 951 2776 1044 protinus
2819 949 2906 1018 ad

777 1058 1143 1150 Augustam
1172 1054 1479 1142 domum,
1501 1054 2168 1125 beneficentissimum
2201 1071 2269 1126 et
2294 1053 2904 1125 honoratissimum²

783 1160 1138 1280 templum?
1179 1163 1360 1230 omni
1397 1162 1650 1257 impetu
1688 1161 1900 1232 fertur
1914 1161 2206 1249 *melius
2241 1161 2703 1249 cohibebitur3
2740 1187 2908 1257 quo-

784 1270 963 1336 niam
1019 1268 1125 1337 eui
1173 1267 1527 1338 adscensus
1581 1270 1647 1337 in
1700 1266 1934 1339 caelum
1984 1283 2199 1389 patet,
2244 1270 2544 1363 quamvis
2586 1271 2910 1351 maxima,

745 1373 1005 1452 debito
1042 1389 1264 1444 tamen
1301 1375 1558 1444 minora
1601 1389 1781 1459 sunt,
1819 1400 1966 1469 quae
2004 1377 2071 1444 in
2113 1377 2304 1445 terris
2340 1376 2747 1445 tribuuntur.

908 1505 960 1549 ι.
1005 1482 1341 1575 Superiori
1365 1467 1713 1552 Africano³
1743 1481 2122 1552 consulatus
2148 1483 2411 1551 citerior
2433 1481 2725 1577 legitimo
2754 1496 2914 1551 tem-

787 1600 950 1679 po're
996 1585 1188 1657 datus
1230 1602 1361 1671 est;
1410 1588 1590 1683 quod
1627 1576 1809 1660 fieri⁴
1850 1603 2193 1683 oportere,
2246 1590 2571 1658 exereitus
2606 1603 2912 1658 senatum

788 1691 993 1762 literis
1016 1692 1391 1782 admonuit;
1416 1696 1507 1763 ita
1527 1696 1804 1782 nescia,
1823 1709 2047 1765 utrum
2071 1692 2164 1764 illi
2184 1693 2331 1790 plus
2360 1694 2617 1765 decoris
2643 1710 2913 1789 patrum

789 1800 1317 1894 conscriptorum
1346 1803 1733 1889 auctoritas,
1757 1826 1843 1870 an
1876 1799 2156 1871 militum
2195 1800 2539 1871 consilium
2570 1801 2916 1896 adjecerit3

787 1920 943 2001 toga
1006 1907 1179 1975 enim
1240 1908 1612 2002 Scipionem
1672 1907 1910 1977 ducem
1966 1907 2280 1978 adversus
2341 1910 2579 1977 Poenos
2637 1910 2916 1992 creavit,

789 2037 974 2081 arma
1022 2028 1484 2108 poposcerunt.
1538 2015 1668 2083 Cui
1713 2039 1859 2109 quae
1911 2016 1978 2081 in
2023 2016 2160 2082 vita
2213 2017 2541 2108 praecipua
2590 2016 2919 2109 assignata

792 2133 966 2205 sunt,
1002 2135 1070 2187 et
1105 2117 1376 2240 longum
1412 2134 1510 2189 est
1546 2120 1825 2207 referre,
1869 2121 2023 2214 quia
2066 2119 2307 2207 multa3
2343 2135 2410 2189 et
2450 2146 2584 2190 non
2615 2144 2915 2189 necessa-

789 2228 959 2294 rium
979 2228 1187 2320 ‚quia
1219 2227 1470 2347 majore
1502 2252 1584 2295 ex
1618 2242 1805 2357 parte
1825 2227 1965 2322 jam
1997 2225 2198 2296 relata
2232 2242 2401 2296 sunt.
2435 2231 2707 2322 Itaque,
2738 2226 2923 2320 quod

791 2332 1120 2445 hodieque
1174 2335 1482 2403 eximium
1535 2320 1750 2428 capit⁵
1768 2388 1787 2420 ‚
1843 2333 2142 2427 adjiciam
2184 2360 2198 2401 :
2252 2334 2603 2429 imaginem
2648 2335 2717 2402 in
2756 2332 2920 2403 cella

792 2590 902 2624 non
934 2571 1002 2625 de
1045 2571 1316 2644 voluptate
1355 2591 1418 2625 ex
1456 2570 1619 2625 modo
1661 2570 1817 2626 dictis

791 2664 1037 2724 percepta
1057 2689 1074 2716 ,
1116 2649 1208 2706 sed
1247 2671 1311 2704 ex
1361 2650 1601 2705 dicendis
1645 2652 1816 2723 perci·

792 2730 1003 2801 pienda.

881 2829 929 2864 1.
958 2811 1195 2882 AEque...
1217 2811 1485 2880 judicanda
1511 2823 1597 2865 est.
1626 2810 1692 2864 1d
1710 2827 1813 2877 est,

796 2908 919 2942 nam
944 2891 1056 2944 sive
1073 2893 1275 2961 praemia
1304 2891 1548 2956 virtutis,
1589 2890 1698 2944 sive
1729 2893 1816 2943 ho-

797 2990 933 3022 nores
963 2970 1174 3022 virtutis
1206 2971 1554 3042 contemplari
1598 2982 1649 3024 te
1683 2972 1817 3024 velle

797 3047 974 3113 dicas,
1009 3068 1198 3121 parum
1225 3050 1387 3103 refert
1403 3089 1419 3116 ,
1459 3062 1512 3103 et
1539 3051 1648 3104 fere
1673 3049 1815 3104 idem

797 3141 891 3183 est.
924 3129 1075 3183 Hanc
1110 3130 1392 3183 lectionem
1427 3143 1567 3184 recte
1604 3150 1819 3184 revoca-

799 3209 875 3261 vit
907 3209 1172 3263 vorstius.
1207 3210 1415 3264 Phrasis
1452 3211 1663 3265 insolita
1690 3231 1824 3283 oeque

787 3290 1056 3357 judicanda
1093 3303 1164 3341 ese
1188 3288 1402 3344 videtur
1432 3291 1629 3345 scribas
1654 3289 1822 3344 addu-

799 3369 966 3434 xisse,
996 3383 1056 3424 ut
1084 3374 1281 3423 virtutis
1310 3367 1472 3423 modo
1499 3372 1554 3423 in
1585 3376 1818 3431 virtutes,

801 3448 963 3502 modo
1011 3451 1065 3502 in
1113 3454 1268 3503 virtus
1312 3463 1593 3503 mutarent.
1644 3450 1827 3504 Simile

799 3527 1088 3602 quidquam
1108 3531 1341 3584 occurrit
1353 3529 1499 3602 apud
1520 3531 1693 3585 Plaut.
1706 3530 1823 3583 Mil.

800 3609 952 3664 Glor.
981 3609 1091 3675 111,
1119 3627 1141 3661 1
1158 3645 1175 3674 ,
1204 3613 1297 3665 86.
1326 3611 1494 3682 AEque
1520 3610 1653 3662 istud
1664 3611 1820 3678 sacch,

803 3688 860 3741 id
883 3702 990 3755 est,
1022 3688 1154 3742 mihi
1181 3688 1436 3743 tantidem
1468 3702 1563 3743 est.

884 3790 935 3823 a.
968 3770 1417 3822 amantissimum.
1445 3770 1596 3823 Nihil
1622 3770 1825 3840 magui·

799 3849 1042 3903 licentius
1059 3849 1364 3920 contingere
1379 3851 1617 3920 Augusto
1629 3851 1828 3920 potuis-

801 3942 879 3982 set
894 3969 909 3994 ,
940 3948 1098 4000 quam
1125 3942 1184 3982 ut
1205 3930 1328 3983 vivo
1351 3942 1404 3982 et
1428 3930 1671 3999 praesenti
1693 3942 1824 3982 tem·

804 4011 952 4080 plum
978 4022 1032 4063 et
1061 4029 1150 4062 ara
1180 4010 1620 4077 constitueretur,
1646 4009 1827 4080 illique

805 4087 1151 4143 redderentur
1169 4091 1401 4143 honores
1417 4087 1614 4155 divini3
1634 4087 1701 4142 de
1720 4109 1827 4161 quo

806 4168 1082 4238 Horatius,
1103 4170 1195 4223 lib.
1217 4170 1300 4235 11,
1328 4170 1479 4241 epist.
1515 4189 1562 4233 1,
1588 4174 1688 4223 16:

1904 2578 2092 2620 Pron-nti
2111 2579 2182 2618 tibi
2200 2579 2354 2619 divinos
2368 2578 2555 2632 largimur
2570 2578 2740 2619 honum
2751 2608 2763 2626 ,

1904 2652 1927 2690 J
1933 2650 2177 2704 urendasque
2187 2660 2295 2689 tuum
2311 2663 2381 2702 per
2395 2663 2535 2689 nomeu
2552 2651 2841 2702 ponimusaras.

1987 2732 2040 2784 3.
2068 2732 2325 2798 Africano.
2358 2725 2428 2782 A.
2459 2730 2528 2781 U.
2562 2729 2673 2792 548
2702 2743 2755 2782 et
2793 2729 2928 2782 552.

1903 2811 2083 2864 Livius
2117 2809 2360 2863 XXVIII
2390 2822 2443 2862 et
2472 2809 2800 2874 XXXVIII,
2834 2809 2927 2862 56.

1903 2889 2059 2961 Supr.
2088 2891 2202 2964 IV,
2248 2908 2304 2954 1,
2345 2894 2398 2943 6.
2435 2914 2509 2922 -·
2551 2888 2773 2942 Cicer-ior.
2805 2890 2849 2941 Ῑ.
2880 2908 2928 2941 e.

1905 2982 2024 3023 ante
2051 2970 2341 3041 legitimum
2375 2981 2598 3039 tempus.

1986 3056 2039 3114 4.
2073 3050 2225 3102 Fieri.
2262 3047 2539 3118 Quodfien'
2563 3067 2730 3120 usque
2755 3046 2825 3100 ad
2843 3069 2934 3118 po·

1901 3141 2156 3200 poscet-unt
2168 3129 2385 3199 Pighius
2416 3128 2693 3200 expunxit,
2716 3139 2770 3180 et
2790 3129 2932 3181 inse-

1909 3209 2018 3261 ruit
2038 3228 2093 3260 n.
2121 3215 2152 3271 4
2170 3242 2187 3271 ,
2212 3221 2274 3261 ut
2300 3210 2576 3263 Valerium
2597 3209 2699 3261 hoc
2723 3209 2843 3261 loco
2867 3209 2933 3261 ab

1878 3326 1886 3334 ·
1909 3289 2104 3341 erroris
2134 3289 2432 3360 suspicione
2461 3287 2741 3354 liberaret,
2766 3307 2932 3359 quum

1911 3382 2086 3421 tamen
2115 3368 2303 3439 saepius
2336 3381 2491 3422 erret.
2519 3367 2586 3420 H.
2617 3369 2653 3421 1.
2680 3369 2935 3422 Africano

1912 3452 2143 3519 superiori
2154 3448 2341 3501 tribuit
2349 3489 2364 3517 ,
2380 3446 2525 3519 quod
2540 3448 2813 3520 Appianas
2825 3449 2940 3503 alii-

1912 3547 2016 3599 que
2034 3527 2102 3582 de
2124 3529 2398 3581 AEmilc‘ano
2418 3528 2683 3590 referunt,
2705 3546 2933 3600 nempe:

1914 3628 1946 3662 a
1982 3608 2236 3663 militibus
2264 3610 2474 3663 crebras
2503 3608 2682 3662 literas
2706 3607 2774 3662 ad
2802 3610 2935 3663 ami-

1911 3707 2001 3742 cos
2030 3702 2085 3742 et
2122 3689 2402 3743 familiares
2441 3689 2661 3760 scriptas
2696 3708 2840 3754 esse,
2880 3701 2940 3741 ut

1914 3769 2227 3822 AEmilianus
2262 3788 2367 3822 cos.
2404 3780 2690 3822 crearetur.
2714 3770 2801 3822 ,Iu
2838 3770 2940 3822 hoc

1913 3861 2087 3904 autem
2116 3847 2409 3901 similitudo
2439 3849 2713 3919 utriusque
2742 3848 2943 3920 Scipio·

1914 3930 1996 3982 nis
2006 3942 2104 3991 est,
2118 3926 2263 3999 quod
2278 3941 2499 3999 uterque
2511 3941 2631 3981 ante
2644 3929 2941 3998 legitimum

1915 4022 2122 4080 tempus
2157 4009 2399 4061 consules
2437 4009 2560 4061 sacti
2597 4020 2741 4061 sunt.
2783 4007 2945 4062 Unde

1917 4092 2091 4142 forsan
2111 4089 2311 4141 Valerii
2334 4107 2501 4140 error.

2002 4169 2030 4222 5
2041 4210 2052 4222 .
2077 4168 2238 4239 Capit.
2255 4169 2523 4222 Vorstius:
2536 4171 2683 4238 capiti
2696 4168 2945 4237 adjiciam.
