3143 5204
737 450 874 534 184
1091 450 1533 517 VALERII
1588 448 1993 517 MAXIMI
2051 449 2241 516 LIB.
2298 449 2431 515 IX.

724 583 847 650 bus
895 580 1255 651 miremur?
1313 606 1517 675 quum
1571 577 1925 649 Sariaster¹
1983 578 2298 647 adversus
2348 593 2601 673 patrem
2650 605 2843 648 suum

725 689 1115 783 Tigranem,
1150 688 1474 756 Armeniae
1515 710 1771 781 regem,
1817 686 1906 752 ita
1954 708 2105 752 cum
2146 684 2371 753 amicis
2413 687 2847 773 consenserit,

725 809 801 863 ut
833 818 1060 862 omnes
1102 790 1421 861 dexteris²
1461 790 1762 859 manibus
1807 791 2191 926 sanguinem
2232 791 2607 878 mitterent,
2648 806 2846 885 atque

725 925 878 968 eum
918 899 1196 967 invicem
1240 880 1651 966 sorberent&
1680 897 1786 963 vix
1827 882 2111 964 ferrent⁴
2148 921 2271 991 pro
2310 896 2519 967 salute
2553 899 2847 992 parentis

728 1019 864 1073 tam
902 1018 1177 1073 cruenta
1211 1004 1694 1098 conspiratione
1729 1001 1942 1072 foedus
1980 1002 2347 1072 facientem.

837 1140 907 1222 4
941 1136 1071 1209 Sed
1102 1136 1264 1266 quid
1301 1161 1425 1230 ego
1462 1138 1586 1205 ista
1626 1149 2007 1222 consector,
2046 1149 2161 1204 aut
2191 1134 2405 1231 quid
2388 1136 2463 1204 iis
2497 1136 2850 1222 immoror,

729 1268 932 1337 quum
986 1228 1215 1312 unius⁵
1264 1241 1622 1336 parricidii
1639 1241 2036 1336 cogitatione
2077 1255 2317 1311 cuncta
2361 1240 2608 1311 scelera
2648 1267 2851 1336 supe-

730 1364 873 1418 rata
914 1346 1223 1417 cernam?
1263 1350 1444 1417 omni
1487 1350 1689 1443 igitur
1730 1349 1981 1442 impetu
2035 1348 2304 1435 mentis,
2336 1348 2644 1416 omnibus
2680 1348 2850 1417 indi-

731 1456 1058 1549 gnationis
1095 1455 1380 1542 viribus,
1419 1454 1503 1523 ad
1543 1454 1612 1522 id
1644 1453 2064 1523 lacerandum
2101 1455 2213 1549 pio
2256 1455 2462 1547 magis
2496 1477 2695 1548 quam
2729 1478 2851 1522 va·-

735 1560 867 1630 lido
926 1560 1171 1630 affectu
1226 1562 1466 1656 rapior.
1529 1562 1699 1650 Quis
1762 1560 1936 1629 enim
1997 1561 2295 1630 amicitiae
2344 1559 2474 1628 fide
2534 1561 2854 1629 exstincta

733 1691 941 1761 genus
986 1668 1349 1737 humanum
1401 1669 1691 1737 cruentis
1739 1667 1807 1734 in
1855 1667 2139 1734 tenebris
2181 1663 2454 1761 sepelire
2504 1679 2853 1751 conatum,

736 1773 1069 1867 profundo
1099 1773 1333 1842 dehitae
1360 1774 1826 1842 exsecrationis
1862 1774 2016 1841 satis
2044 1771 2422 1843 efficacibus
2456 1772 2675 1841 verbis
2702 1772 2854 1840 ade-

735 1877 944 1972 gerit?
981 1882 1080 1947 Tu
1125 1878 1429 1948 videlicet
1475 1879 1762 1948 efferatae
1806 1879 2123 1948 barbariae
2175 1879 2580 1948 immanitate
2638 1893 2857 1947 trucu-

737 1984 1001 2073 lentior,
1030 1986 1319 2055 habenas
1351 1987 1605 2055 romani
1640 1986 1930 2080 imperii,
1957 2009 2119 2080 quas
2150 1986 2454 2080 princeps
2487 2009 2857 2080 parensque

738 2106 962 2161 noster
1002 2091 1268 2161 salutari
1309 2092 1578 2161 dextera
1628 2094 1961 2178 continet,
1998 2116 2233 2186 capere
2278 2090 2595 2186 potuisti?
2631 2105 2744 2158 aut
2789 2106 2856 2159 te

739 2214 1047 2293 compote
1092 2198 1366 2285 furoriS,
1403 2200 1467 2266 in
1507 2224 1626 2268 suo
1658 2213 1829 2267 statu
1859 2196 2143 2266 mundus
2180 2196 2562 2267 mansisset?
2599 2197 2855 2267 Urbem

739 2328 774 2371 a
809 2304 1015 2373 Gallis
1046 2320 1341 2400 captam,
1384 2320 1450 2372 et
1494 2319 1939 2374 trecentorum
1978 2288 2273 2397 inclytae⁶
2316 2305 2523 2398 gentis
2559 2305 2856 2372 virorum

826 2535 869 2564 ι.
894 2513 1147 2565 Sariaster.
1173 2513 1279 2565 Alii
1304 2512 1377 2565 sic
1396 2525 1611 2564 narrant
1633 2512 1752 2564 :Sa-
1836 2509 2048 2581 jurandi
2076 2529 2189 2562 mos
2219 2511 2320 2563 fuit
2336 2544 2353 2571 ‚
2386 2509 2530 2582 quod
2556 2524 2610 2563 et
2633 2510 2858 2564 Catilina

740 2591 925 2646 rias‘ter
942 2612 970 2645 a
992 2606 1140 2663 patre
1153 2591 1427 2657 deficiens,
1444 2592 1755 2663 Pompeium
1842 2591 1896 2643 in
1923 2591 2287 2662 conjuratione
2317 2611 2408 2644 sna
2439 2592 2621 2645 fecisse
2644 2590 2859 2645 dicitur.

742 2674 798 2724 in
838 2673 1141 2724 Armeniam
1178 2672 1384 2724 vocavit
1406 2710 1423 2738 ‚
1458 2672 1757 2742 junctisque
1925 2672 1979 2725 3.
2010 2671 2280 2725 Sor-herent.
2305 2672 2413 2724 Alii
2433 2673 2679 2725 solverent.
2701 2671 2859 2725 Haud

741 2752 905 2821 copiis
924 2752 1088 2822 patris
1112 2770 1332 2820 regnum
1353 2769 1475 2803 cum
1496 2750 1755 2821 Pompeio

739 2848 1047 2901 expugnare
1079 2831 1252 2901 coepit.
1288 2831 1541 2902 Tigranes
1573 2829 1756 2883 audito

741 2909 981 2981 Pompeii
992 2908 1240 2975 adventu,
1255 2929 1428 2963 arcem
1443 2910 1638 2981 regiam
1654 2923 1758 2963 tra-

744 2988 824 3041 dit
852 2990 1032 3043 amicis
1054 3029 1070 3056 ‚
1101 2990 1211 3061 ipse
1242 2990 1405 3043 fretus
1434 2989 1759 3044 humanitate

744 3069 1010 3141 Pompeii,
1031 3070 1250 3144 supplex
1267 3068 1334 3121 ad
1358 3089 1480 3122 eum
1503 3070 1756 3141 confugit.

745 3150 925 3204 Gratia
969 3151 1082 3220 ejus
1119 3150 1393 3219 impetrata
1417 3187 1434 3215 ,
1479 3150 1759 3220 Pompeius

742 3241 945 3300 patrem
961 3227 1143 3281 dextra
1157 3269 1173 3295 ,
1191 3228 1359 3281 filium
1375 3230 1582 3282 sinistra
1600 3249 1761 3282 manu

740 3310 888 3380 juxta
913 3328 968 3361 se
997 3309 1250 3372 collocat,
1284 3321 1337 3361 et
1369 3328 1587 3381 regnum
1620 3309 1760 3362 inter

743 3408 832 3441 eos
857 3386 1100 3459 partitur.
1132 3386 1196 3439 ld
1229 3407 1362 3458 aegre
1388 3389 1559 3441 ferens
1590 3387 1760 3441 Saria-

742 3482 848 3522 ster
862 3507 878 3532 ,
904 3467 1153 3520 invitatus
1166 3486 1197 3519 a
1213 3467 1466 3538 Pompeio
1480 3465 1545 3519 ad
1560 3486 1758 3520 coenarn

744 3544 1018 3619 respondit
1044 3564 1058 3598 :
1092 3546 1207 3598 Non
1236 3546 1331 3600 siba·
1354 3566 1469 3617 opus
1495 3566 1591 3598 esse
1612 3547 1761 3598 Pom·

740 3633 872 3698 pelo,
892 3647 942 3677 se
954 3626 1100 3677 alium
1121 3627 1434 3678 Romanorum
1449 3630 1756 3689 inventurum,

745 3710 823 3759 cui
860 3709 1019 3759 carior
1048 3725 1145 3756 esse
1172 3709 1337 3776 possit.
1364 3705 1570 3771 Quibus
1589 3706 1762 3759 verbis

747 3786 1028 3858 Pompeius
1062 3786 1255 3850 iratus,
1294 3786 1349 3838 in
1384 3785 1595 3838 vincula
1639 3805 1761 3838 eum

744 3866 896 3936 jussit
946 3864 1169 3936 conjici,
1214 3884 1439 3936 eumque
1483 3877 1660 3935 postea
1704 3866 1761 3918 in

746 3946 1074 4016 triumphum
1099 3943 1267 3998 duxit.

831 4047 880 4079 2.
923 4026 1162 4078 Dexter-is.
1194 4025 1308 4077 Hoc
1339 4036 1464 4077 teste
1491 4022 1763 4078 Herodoto

748 4103 885 4157 inter
904 4106 1151 4158 barbaros
1168 4104 1530 4158 exsecrationis
1544 4118 1593 4158 et
1606 4105 1763 4174 juris·

1843 2749 2004 2803 dubie
2023 2751 2172 2804 male.
2184 2751 2397 2804 Tacitus
2418 2751 2474 2804 in
2494 2752 2652 2804 simili
2669 2770 2755 2805 re:
2771 2754 2864 2804 levi

1842 2833 1939 2881 ictu
1977 2851 2185 2883 cruorem
2227 2831 2420 2882 elc'ct‘unt
2436 2868 2454 2896 ,
2493 2844 2635 2902 atque
2667 2836 2862 2884 invicem

1844 2909 2072 2962 lambunt.
2085 2908 2215 2963 Vid.
2239 2910 2434 2964 Minut.
2461 2912 2505 2963 F
2507 2911 2576 2965 el.
2607 2919 2696 2964 30.

1925 2997 1957 3054 4
1967 3030 1979 3044 .
1997 2990 2056 3040 V
2047 2994 2100 3040 122:
2101 2991 2298 3054 let-rene.
2307 2990 2609 3044 Gronovius
2617 2989 2865 3044 emendat

1841 3073 1931 3121 via:
1957 3071 2135 3137 sermm
2157 3109 2174 3132 ‚
2227 3069 2371 3140 quod
2410 3071 2671 3124 Torrenio
2709 3069 2864 3124 valde

1843 3148 2029 3219 placet.

1928 3228 1978 3280 5.
2007 3228 2172 3280 Unius.
2191 3230 2454 3300 Loquitur
2466 3229 2533 3283 de
2550 3230 2723 3300 Seiani
2736 3249 2863 3283 con-

1841 3308 2102 3376 juratione
2142 3307 2262 3362 adv.
2303 3310 2610 3372 Tiberium,
2654 3308 2722 3362 de
2760 3329 2863 3381 qua

1845 3386 2061 3439 Sueton.
2098 3387 2155 3440 in
2187 3389 2280 3440 vit.
2321 3388 2442 3440 Tib.
2480 3390 2620 3441 Hinc
2650 3403 2869 3460 apparet

1844 3467 2002 3519 etiam
2014 3506 2030 3532 ,
2047 3467 2319 3521 Valerium
2336 3480 2456 3539 post
2479 3468 2744 3521 Velleium
2766 3470 2864 3523 Pa·

1848 3558 1973 3600 terc.
2018 3547 2281 3618 scripsisse
2319 3568 2332 3598 ε
2375 3547 2463 3601 hic
2500 3548 2642 3600 enim
2675 3547 2865 3620 Sejano

1847 3624 2021 3678 adhuc
2042 3627 2308 3698 superstiti
2330 3626 2481 3680 valde
2501 3626 2765 3681 adulatur.
2791 3631 2866 3682 V.

1846 3705 2066 3776 Josephi
2078 3706 2203 3759 hist.
2221 3708 2430 3771 XVIII,
2451 3726 2473 3760 ι
2487 3708 2541 3761 3.
2556 3710 2617 3760 Δ.
2635 3709 2707 3761 U.
2731 3710 2865 3779 783.

1847 3787 2068 3856 Dionys.
2098 3790 2191 3856 573
2217 3787 2386 3839 Tacit.
2417 3787 2468 3840 5.

1930 3871 1983 3919 6.
1999 3867 2215 3926 Inclrtae.
2230 3866 2463 3920 CCCVI.
2479 3866 2654 3931 Fabii,
2667 3868 2766 3920 soli
2778 3866 2868 3921 ad·

1847 3964 2027 3998 versus
2041 3946 2287 3998 Veientes
2301 3947 2499 3999 bellum
2508 3947 2867 4018 suscipientes,

1849 4024 1990 4097 apud
2031 4026 2331 4078 Cremeram
2362 4045 2458 4096 per
2503 4025 2712 4080 insidias
2748 4028 2865 4081 caesi

1850 4118 1994 4164 sunt,
2012 4103 2078 4158 de
2102 4105 2294 4176 quibus
2309 4104 2466 4159 ovid.
2485 4106 2528 4159 F
2530 4120 2620 4160 ast.
2635 4108 2709 4171 11,
2727 4126 2746 4160 ι
2763 4106 2862 4175 95;
