3143 5204
473 488 801 574 CAPJI,
856 490 990 556 DE
1048 489 1541 556 LUXURIA
1596 489 1719 554 ET
1776 488 2088 557 LIBID.
2215 489 2348 585 137

237 621 524 692 liaberet.
583 623 800 710 Quem
857 622 1172 688 continuo
1226 623 1508 690 Crassus
1521 673 1543 705 ,
1604 623 1853 713 quanti
1893 627 2039 716 ipse
2084 621 2354 691 domum

232 754 425 798 suam
456 734 861 812 (estimaret,
901 728 1347 821 interrogavit.
1380 728 1598 820 Atque
1628 740 1705 794 ut
1737 728 2077 821 respondit
2097 779 2115 812 ‚
2151 754 2356 798 sexa-

226 843 372 929 gies
389 835 406 859 ¹
451 840 761 905 sestertio
781 860 801 901 .·
855 836 1132 925 Quanto
1170 857 1332 927 ergo
1369 857 1521 902 eam
1537 887 1559 920 ‚
1607 835 1818 927 inquit
1832 888 1851 919 ‚
1890 839 2166 904 mc'tzorc's
2179 836 2359 927 fore

232 948 620 1027 aestimas,
652 946 717 1010 si
739 941 967 1010 decem
993 938 1429 1009 arbusculas²
1458 940 1617 1009 inde
1636 941 1983 1010 succidero
1996 942 2033 1009 Ρ
2052 947 2217 1037 Ipso
2241 949 2356 1011 eri-

231 1055 366 1118 cies
402 1054 713 1119 sestertio
735 1101 755 1132 ,
811 1048 903 1116 ait
947 1048 1300 1116 Domitius.
1345 1049 1532 1115 Tunc
1577 1048 1894 1117 Crassus:
1955 1052 2118 1117 Uter
2156 1054 2362 1144 igitzu·

232 1158 647 1225 haudosior
692 1171 792 1224 est
812 1155 849 1222 ι)
901 1157 1147 1249 Egone
1166 1208 1188 1240 ‚
1247 1160 1369 1247 qui
1414 1153 1644 1223 decem
1693 1155 2046 1224 columnas
2094 1172 2358 1225 centum

231 1262 526 1331 nze’llibus
564 1285 902 1330 nummum
945 1267 1110 1330 emi:
1142 1285 1238 1329 an
1276 1276 1385 1347 tu,
1426 1285 1543 1354 qul
1579 1261 1808 1329 decem
1843 1261 2359 1332 arbtwcularum

230 1369 537 1438 umbram
567 1373 789 1437 tricies
807 1373 1184 1437 sestertium
1211 1391 1476 1436 summa
1499 1370 1958 1463 compensas?
1972 1371 2358 1439 Sermonem

231 1474 509 1545 oblitum
548 1460 856 1569 Pyrrhi&
896 1475 1351 1544 immemorem
1391 1473 1779 1543 Hannibalis
1796 1477 2112 1570 ‚jamque
2150 1492 2359 1547 trans-

234 1586 639 1651 marinorum
679 1582 1157 1676 stipendiorum
1184 1581 1587 1650 abundantia
1617 1582 2037 1652 oscitantem:
2069 1583 2360 1679 aliquan-

236 1676 337 1757 [0⁴
367 1704 594 1758 tamen
630 1690 1110 1783 insequentium
1150 1686 1520 1758 seculorum
1560 1689 1847 1759 aedificiis
1879 1705 1946 1758 et
1982 1692 2361 1760 nemoribus

234 1798 715 1891 angustiorem3
757 1797 1070 1890 quoniam
1113 1796 1489 1864 inchoatam
1532 1819 1571 1863 a
1613 1821 1682 1866 se
1720 1795 2041 1866 lautitiam
2080 1801 2359 1893 posteris

235 1901 632 1998 relinquere,
672 1928 870 1997 quam
908 1928 947 1971 a
987 1903 1346 1997 majoribus
1379 1918 1718 1998 acceptam
1761 1906 2231 1974 continentiam
2274 1931 2363 1973 re-

234 2012 439 2079 tinere
485 2008 882 2079 maluerunt.

339 2115 404 2187 5.
451 2116 634 2205 Quid
675 2118 851 2186 enim
893 2116 1018 2186 sibi
1060 2116 1274 2186 voluit
1317 2120 1627 2212 princeps
1677 2143 1946 2187 suorum
1986 2134 2361 2214 temporum

236 2222 541 2293 Metellus
577 2209 768 2292 Pius⁵
774 2237 984 2310 ,tunc
1021 2249 1238 2344 quum·
1265 2225 1331 2291 in
1365 2226 1683 2318 Hispania
1718 2225 2042 2295 adventus
2086 2252 2239 2295 suos
2276 2226 2360 2294 ab

237 2330 606 2425 hospitibus
650 2333 780 2399 aris
810 2345 879 2400 et
921 2346 1068 2400 ture
1099 2332 1310 2425 excipi
1343 2331 1756 2426 patiebatur?
1785 2358 1988 2426 quum
2010 2318 2363 2402 ⁶Attalicis

235 2435 449 2507 aulaeis
499 2452 840 2508 contectos
883 2440 1166 2532 parietes
1219 2438 1370 2508 laeto
1414 2440 1638 2508 animo
1690 2438 2110 2513 intuebatur?
2154 2465 2359 2534 quum

235 2543 661 2615 immanibus⁷
689 2544 898 2641 epulis
919 2548 1456 2642 apparatissimos
1482 2547 1815 2643 interponi
1843 2545 2035 2617 ludos
2069 2545 2367 2616 sinebat?

317 2757 337 2789 1
350 2777 364 2789 .
388 2737 639 2807 Sangia.
656 2737 922 2791 Mem-sius
942 2738 1160 2809 conjicit
1173 2740 1248 2792 le·

236 2816 462 2887 gendum
488 2855 506 2881 ‚
543 2821 798 2870 semaeias
816 2838 835 2871 .·
864 2818 1099 2872 Plinium
1130 2820 1168 2872 l.
1201 2838 1249 2872 c.

1420 2749 1472 2805 4.
1503 2741 1774 2813 Aliquanto
1794 2780 1808 2793 .
1821 2780 1833 2792 .
1866 2745 2218 2810 angustiorem3
2250 2761 2365 2813 quo·

1339 2824 1467 2872 niam
1479 2822 1765 2873 inchoatum.
1784 2821 1912 2873 Haec
1928 2821 2085 2874 lectio
2106 2841 2135 2874 a
2153 2822 2363 2892 Pighio,

236 2895 362 2950 adeo
373 2896 444 2951 de
457 2898 695 2951 sestertio
712 2899 878 2950 millies
899 2918 1128 2953 narrare.
1146 2898 1251 2952 Sed

237 2978 305 3030 sic
329 2997 438 3031 non
467 2976 812 3050 responderet
841 2986 912 3050 τῷ
941 2982 1113 3032 tricies.

314 3077 364 3110 a.
391 3058 712 3111 Arbusculas.
726 3059 815 3112 Eae
832 3060 978 3112 fuere
1000 3060 1121 3125 loti,
1136 3078 1254 3131 par-

237 3139 351 3190 vula
368 3157 646 3191 ramorum
672 3139 930 3210 opacitate
951 3141 1169 3194 lascivae.

313 3219 366 3271 3.
399 3219 672 3272 Semonem
702 3219 898 3272 oblitum
920 3221 1118 3291 Pyrrhi.
1150 3220 1253 3273 Per

235 3299 660 3351 exclamationem
679 3299 735 3351 in
750 3313 975 3371 utroque
989 3298 1184 3353 Brand.
1200 3312 1254 3354 et

234 3378 376 3432 libris
399 3380 512 3432 fere
532 3379 782 3433 omnibus
801 3380 913 3434 haec
935 3381 1249 3434 efferuntur.

235 3459 422 3512 Sensus
445 3471 623 3512 autem
645 3473 747 3518 est,
768 3479 1060 3513 sermonem
1093 3462 1250 3514 istum

236 3539 452 3593 Domitii
471 3553 526 3592 et
549 3541 722 3594 Crassi
743 3539 943 3593 indicio
965 3560 1092 3605 esse,
1108 3540 1253 3613 quod

235 3638 416 3673 eornm
442 3632 774 3692 temporum,
799 3621 992 3692 quibus
1015 3622 1255 3694 Pyrrhus

236 3719 348 3752 cum
376 3701 629 3753 Roenanis
655 3702 857 3754 bellum
886 3701 1074 3772 gessit,
1103 3701 1253 3754 obliti

237 3793 355 3833 tunc
391 3781 629 3834 suerint:
663 3782 792 3833 olim
819 3782 962 3834 enim
992 3782 1254 3852 permulta

235 3861 454 3913 Romani
512 3861 826 3932 frugalitatis
881 3863 1118 3934 exempla
1171 3881 1258 3915 ex·

233 3939 549 4006 hibuerunt,
576 3954 630 3995 et
654 3942 1087 4013 corruptionibus
1110 3943 1256 3995 nulla

235 4021 402 4089 patuit
437 4020 648 4074 domus.
684 4054 763 4065 -—
795 4022 1103 4075 Hannibalis.
1148 4023 1255 4089 Qui

236 4098 422 4155 dixisse
453 4103 650 4154 fertur:
682 4103 990 4174 priusquam
1023 4103 1151 4155 luxu
1180 4121 1256 4156 ca-

238 4194 512 4248 perentur,
531 4183 797 4236 Romanos
818 4183 938 4254 capi*
952 4203 1059 4237 non
1083 4203 1248 4254 posse.

1338 2920 1400 2954 ex
1443 2900 1561 2954 Sus.
1610 2915 1665 2954 et
1713 2901 1911 2954 Cauch.
1972 2902 2329 2954 consarcinata
2346 2939 2362 2966 ‚

1337 3000 1504 3051 quum
1544 2981 1785 3052 plerique
1825 2981 1980 3033 MSS.
2021 2981 2220 3034 habent
2264 2999 2278 3034 ε
2319 2994 2367 3033 et

1338 3074 1516 3132 quanto
1561 3074 1717 3113 tamen
1735 3101 1748 3113 .
1768 3102 1781 3115 .
1826 3065 2162 3131 angvutiorem'.
2206 3063 2367 3131 Quam

1339 3139 1464 3212 (pro
1485 3162 1627 3213 quam
1651 3161 1788 3195 unus
1805 3153 1859 3193 et
1875 3143 2008 3195 alter
2027 3140 2191 3206 ritum)
2213 3146 2364 3193 intro·

1338 3222 1577 3273 dua-erunt
1597 3234 1740 3294 atque
1763 3218 2043 3284 (nonnulli
2074 3219 2262 3294 itaque)
2289 3227 2363 3274 in·

1339 3302 1576 3355 clavatam.
1602 3301 1761 3354 Unde
1783 3301 2092 3355 Perizonius
2118 3302 2363 3373 conjicit:

1340 3381 1393 3433 E
1395 3393 1416 3431 e
1428 3393 1608 3454 quanto
1623 3394 1720 3433 tum
1729 3385 2047 3450 angustiorem
2063 3387 2204 3435 ritum
2215 3387 2367 3435 itum-

1340 3461 1607 3523 duaeerunt,
1633 3465 1717 3534 qui
1742 3463 2027 3516 mchmtam.
2056 3462 2160 3516 Sed
2186 3464 2363 3533 Kapp.

1341 3541 1492 3594 malit
1503 3560 1516 3595 :
1536 3544 1609 3594 Ee
1616 3554 1794 3614 quanto
1812 3554 1966 3595 tamen
1976 3583 2011 3596 ..
2020 3581 2034 3594 .
2047 3547 2366 3613 angustiorem

1342 3627 1486 3674 ritum
1495 3622 1861 3675 introduxerunt
1869 3631 1900 3674 Ρ
1910 3623 2068 3695 Atqui
2080 3623 2347 3675 inchoatam
2354 3663 2367 3676 .
2434 3633 2439 3640 ⁴

1427 3705 1477 3756 5.
1520 3703 1659 3756 Pius.
1692 3704 1835 3755 Anu.
1863 3704 1935 3756 U.
1965 3703 2099 3773 673.
2128 3702 2366 3757 Macrob.

1341 3784 1452 3875 Ιῌ,
1493 3783 1558 3836 13
1585 3803 1602 3849 ς
1641 3783 1783 3836 Plut.
1815 3783 1871 3835 in
1899 3783 2121 3853 Pomp.;
2153 3782 2366 3835 Sallust.

1341 3863 1769 3997 hlssg·1;·naucis.
1808 3945 1957 3996 Auro
1994 3943 2235 4007 intextis3
2274 3960 2368 3995 au-

1342 4043 1464 4077 rum
1476 4024 1620 4078 enim
1646 4023 1904 4088 intexere,
1923 4023 2128 4076 Attalus
2144 4022 2366 4078 invenit.

1343 4104 1479 4158 Plin.
1511 4105 1673 4170 VIII,
1709 4105 1798 4166 48.

1423 4204 1477 4253 7.
1507 4185 1814 4250 Immanibus.
1847 4183 2341 4254 sumptuosissimis.
