3143 5204
765 456 860 538 [gl.
1148 450 1598 518 VALERII
1662 447 2072 545 MAXIMI
2138 447 2326 515 LIB.
2384 447 2568 514 VII.

764 584 1356 676 alimentorumque
1399 580 1710 652 facultate
1751 578 2078 666 defectos,
2124 578 2264 648 lora
2310 579 2689 648 necessariis
2735 579 2908 647 vin-'

765 690 1065 761 culorum
1119 690 1343 759 usibus
1395 687 1718 758 subducta
1739 740 1758 774 ,
1807 711 1972 780 eque
2018 688 2218 756 scutis
2273 685 2598 781 detractas
2651 682 2861 780 pelles
2878 739 2901 772 ‚

768 798 1047 867 ferventi
1096 795 1414 866 resolutas
1461 819 1668 890 aqua,
1716 792 2028 861 mandere
2073 792 2353 862 voluisti.
2406 792 2587 881 Quid
2628 790 2794 879 illis,
2843 793 2902 862 si

766 904 1190 974 acerbitatem
1227 926 1417 973 casus
1460 903 1792 984 intueare,
1838 899 2180 969 miserius?
2210 900 2264 968 si
2299 900 2743 969 constantiam
2780 922 2904 967 re·-

771 1013 1007 1105 spicias
1028 1065 1047 1097 ‚
1074 1008 1375 1079 fidelius?
1404 1010 1552 1103 qui,
1586 1034 1670 1078 ne
1700 1033 1738 1077 a
1770 1008 2086 1077 Romanis
2121 1005 2592 1094 desciscerent,
2613 1002 2729 1075 tali
2764 1004 2907 1075 cibi

769 1141 1009 1211 genere
1034 1119 1132 1185 uti
1161 1118 1614 1185 sustinuerunt
1639 1168 1658 1202 ,
1691 1138 1896 1209 quum
1925 1113 2351 1209 pinguissima
2377 1137 2539 1182 arva
2568 1134 2686 1183 sua
2714 1111 2906 1181 ferti-

771 1222 1180 1316 lissimosque
1229 1247 1499 1318 campos
1541 1222 1867 1292 moenibus
1911 1223 2043 1290 suis
2085 1218 2414 1314 subjectos
2461 1221 2906 1288 intuerentur.

768 1332 1003 1424 Itaque
1048 1331 1405 1425 Campanae
1447 1329 1629 1398 urbis
1651 1328 1694 1417 ¹,
1739 1354 1884 1423 quae
1932 1327 2240 1422 punicam
2284 1325 2611 1396 feritatem
2650 1323 2916 1394 deliciis

774 1437 906 1505 suis
951 1435 1189 1530 cupide
1233 1436 1437 1524 fovit,
1478 1437 1547 1504 in
1587 1438 1962 1531 propinquo
2005 1434 2202 1504 situm
2244 1432 2650 1520 Casilinum,
2694 1429 2914 1500 modo

771 1565 923 1611 rara
964 1544 1206 1612 virtute
1256 1541 1508 1612 clarum
1529 1596 1548 1630 ,
1592 1542 2071 1639 perseverantis
2111 1540 2412 1615 amicitiae
2454 1541 2730 1635 pignore
2777 1538 2912 1607 im-

773 1650 919 1743 pios
962 1648 1190 1719 oculos
1227 1650 1618 1719 verberavit.

887 1753 951 1825 3.
999 1757 1079 1824 In
1121 1754 1230 1825 illa
1275 1756 1615 1826 obsidione
1663 1770 1732 1825 et
1779 1754 1910 1824 fide
1954 1778 2159 1851 quum
2208 1753 2485 1824 trecenti
2526 1752 2918 1821 Praenestini

774 1861 1297 1956 permanerent²‚
1333 1865 1585 1950 evenit,
1629 1877 1700 1931 ut
1743 1886 1830 1931 ex
1875 1862 1977 1931 his
2021 1861 2290 1957 quidam
2329 1885 2587 1929 murem
2631 1871 2916 1954 captum

778 1968 1078 2039 ducentis
1115 1970 1334 2065 potius
1377 1969 1661 2040 denariis
1696 1969 2018 2057 vendere,
2045 1993 2247 2063 quam
2285 1969 2423 2063 ipse
2462 1963 2778 2036 leniendae
2809 1964 2915 2034 fa·

777 2076 904 2143 mis
943 2078 1152 2169 gratia
1188 2102 1580 2148 consumere
1613 2074 1869 2161 mailet3
1911 2074 2061 2163 sed,
2092 2074 2328 2162 credo,
2359 2072 2636 2142 deorum
2680 2072 2914 2168 provi-

776 2168 1038 2249 dentia³
1067 2197 1135 2252 et
1168 2183 1493 2254 venditori
1519 2199 1587 2254 et
1613 2185 1929 2277 emptori,
1959 2207 2153 2276 quem
2187 2196 2463 2275 uterque
2488 2180 2874 2248 merebatur
2892 2229 2916 2262 ,

778 2375 1070 2427 cessitatem
1135 2376 1301 2448 ipsam
1353 2378 1598 2449 appellat.
1651 2378 1800 2430 Non·
1888 2377 2025 2428 Nam
2077 2375 2287 2429 luxuria
2334 2392 2559 2448 corpore
2612 2386 2665 2428 et
2721 2372 2917 2427 animis

779 2455 916 2506 nulli
933 2453 1090 2509 codd.
1111 2457 1273 2508 eadem
1294 2455 1584 2510 Casilinates
1601 2456 1804 2509 obsidio-
1883 2456 2121 2510 enervati
2136 2494 2152 2521 ,
2171 2456 2263 2526 qui
2285 2468 2439 2508 antea
2459 2454 2644 2508 invicti
2674 2454 2915 2519 fuerant,

781 2553 840 2584 ne
867 2535 1161 2587 Hannibalis
1192 2537 1369 2602 clausi,
1522 2536 1697 2601 defecti
1889 2549 2016 2590 tunc
2054 2536 2145 2589 vix
2183 2535 2386 2589 militie
2413 2536 2619 2587 laboret
2647 2532 2918 2588 sustinue-

778 2615 1015 2668 voluistis.
1038 2614 1142 2667 Sed
1168 2635 1278 2668 non
1306 2616 1431 2669 satis
1454 2630 1598 2670 recte
1626 2617 1804 2670 Casia-

782 2705 916 2744 nates
944 2692 1198 2747 dicuntur
1218 2697 1426 2749 voluisse
1447 2698 1533 2748 illa
1554 2697 1774 2750 mandere
1789 2737 1804 2762 ,

782 2773 873 2843 qui
888 2792 1133 2845 suprema
1149 2776 1406 2847 compulsi
1422 2771 1732 2830 necessitate
1749 2775 1805 2831 id

783 2852 1052 2919 fecerunt;
1084 2856 1218 2909 bene
1242 2874 1370 2908 vero
1392 2855 1529 2910 illud
1553 2858 1808 2911 tribuitur

785 2934 1081 2986 necessitati
1119 2955 1215 3007 per
1253 2937 1699 3010 prosopopoeiam.
1728 2970 1806 2981 —

792 3012 1070 3066 Obsidione.
1089 3015 1191 3068 An.
1211 3015 1283 3068 U.
1308 3017 1575 3087 537.Liv.
1592 3015 1807 3083 xxm,

794 3110 895 3160 193
924 3093 1035 3147 Cic.
1060 3092 1129 3147 de
1162 3097 1278 3148 Imr.
1308 3096 1393 3161 11,
1424 3100 1511 3164 57.
1542 3097 1809 3150 Casilinum

788 3173 1002 3243 profugi
1040 3194 1069 3227 a
1106 3174 1302 3228 Cannis
1353 3191 1693 3249 occuparant.
1737 3178 1808 3230 ni

787 3269 954 3321 quum
985 3254 1271 3308 Poenorum
1312 3257 1569 3310 exercitus
1606 3270 1808 3329 partem

785 3332 868 3384 bis
885 3351 914 3384 a
934 3334 1195 3388 moenibus
1213 3337 1590 3407 propulissent,
1605 3338 1810 3391 Hanni-

788 3411 875 3463 bal
891 3412 1004 3484 ipse
1017 3412 1278 3486 oppidum
1295 3416 1648 3472 circumsedit.
1667 3419 1810 3471 Tan·

790 3488 915 3545 dem
973 3494 1099 3547 forti
1152 3499 1538 3566 perseverantia
1595 3517 1685 3551 sua
1735 3498 1809 3550 ita

786 3570 1139 3627 Hannibalem
1154 3576 1401 3631 vicerunt
1413 3616 1430 3644 ,
1448 3591 1508 3630 ut
1528 3596 1706 3632 secum
1728 3578 1812 3648 agi

787 3664 1057 3722 pateretur
1079 3652 1147 3707 de
1163 3655 1453 3710 liberorum
1469 3659 1705 3730 mpitum
1727 3676 1811 3711 re-

791 3729 1116 3805 demptione.
1140 3735 1268 3789 Vid.
1295 3737 1482 3791 Strabo
1499 3777 1514 3802 ,
1533 3740 1616 3804 V,
1637 3738 1696 3790 in
1715 3738 1809 3790 fin.

878 3832 926 3866 x.
958 3814 1118 3868 Urbis.
1141 3817 1342 3870 Ductus
1365 3818 1602 3890 Capuam
1622 3819 1811 3870 Poeno·

791 3910 910 3944 rum
954 3895 1213 3949 exercitus
1254 3897 1308 3948 in
1352 3898 1608 3962 hiberna,
1648 3898 1723 3951 sic
1758 3916 1814 3950 se

794 3972 1039 4028 omnibus
1061 3976 1423 4048 voluptatibus
1445 3978 1731 4044 inmersit,
1754 3991 1813 4030 ut

794 4055 1076 4121 quosnulla
1091 4056 1168 4109 vis
1182 4058 1307 4110 mali
1316 4072 1437 4112 ante
1448 4060 1815 4130 viceraupost·

796 4129 1015 4186 modum
1058 4138 1235 4190 omnia
1279 4139 1417 4193 bona
1457 4137 1809 4210 perdiderint.

1888 2628 2032 2671 runt.
2057 2648 2138 2659 -
2163 2616 2317 2670 Modo
2358 2635 2491 2669 rara.
2530 2617 2612 2669 Ita
2652 2614 2806 2687 Pigh.
2847 2633 2918 2668 ex

1890 2696 2115 2753 Winch.
2135 2691 2250 2749 Col.
2268 2696 2382 2749 Sus.
2402 2709 2452 2749 et
2468 2696 2709 2749 Pulman.
2723 2692 2916 2749 edidit.

1890 2775 2153 2843 Quidam,
2173 2777 2311 2829 modo
2335 2796 2513 2830 rarum.
2547 2776 2730 2829 Plures
2753 2775 2918 2830 etiam

1891 2857 2197 2911 moder-am.
2217 2856 2523 2910 Perizonius
2540 2856 2754 2925 conjicit
2776 2854 2919 2908 Casi-

1893 2939 2040 2991 linum
2062 2942 2306 2990 contraria
2329 2941 2512 2989 ‘vir-tute
2545 2937 2749 2989 claram.
2774 2936 2918 2988 Tor-

1892 3019 2072 3071 renius
2100 3031 2274 3071 autem
2306 3036 2320 3070 :
2353 3017 2618 3071 Casilinum
2642 3016 2918 3068 robor-am

1891 3102 2100 3160 vab-tute,
2125 3099 2324 3150 elamm-
2358 3098 2536 3170 Kapp.
2568 3095 2740 3151 credit
2776 3097 2922 3148 modo

1895 3198 2055 3230 rarum
2068 3191 2244 3231 ortum
2258 3196 2369 3232 esse
2381 3197 2444 3231 ex
2457 3173 2920 3248 modemnm,quod

1893 3259 2135 3329 prefer-u
2164 3257 2238 3312 ita
2258 3271 2322 3311 ut
2342 3276 2400 3311 ea
2424 3259 2494 3311 sit
2510 3275 2659 3310 mens
2673 3256 2878 3310 Valerii
2901 3274 2916 3309 ε

1896 3338 2185 3392 Casilinum
2198 3376 2214 3399 ‚
2240 3336 2503 3410 oppidum
2520 3355 2741 3409 parvum
2768 3336 2922 3390 ideo·

1895 3435 1998 3489 que
2029 3416 2355 3482 modestum,
2392 3420 2595 3472 virtute
2619 3431 2800 3471 tamen
2824 3435 2920 3471 sua

1894 3498 2095 3552 clarum
2108 3498 2233 3564 fuit,
2247 3511 2302 3552 et
2313 3500 2510 3570 Capua
2520 3498 2760 3570 superbo
2770 3516 2924 3551 mon-

1896 3578 2081 3631 stravit
2104 3597 2225 3650 qun
2251 3580 2428 3633 facere
2448 3578 2730 3632 debuisset.

1983 3660 2403 3713 xpm-manerent.
2425 3661 2486 3713 A.
2498 3660 2569 3712 U.
2588 3658 2920 3729 537.Front.

1896 3738 1996 3805 IV,
2023 3740 2409 3806 53P1in.vn1,
2432 3738 2772 3810 5733trnbo,
2798 3739 2871 3791 V.

1980 3818 2033 3871 3.
2075 3820 2404 3873 vaalentzh.
2433 3820 2575 3872 Male
2589 3821 2772 3873 Vomt.
2803 3831 2924 3889 poet

1887 3900 2193 3970 providentia
2220 3898 2435 3953 intrusit
2464 3900 2747 3953 lectionem
2770 3913 2920 3970 ‘quo-

1898 3979 2145 4033 rumdam
2182 3980 2443 4033 librorum
2484 3983 2706 4048 effieemn
2726 4019 2743 4043 ‚
2776 3976 2920 4050 quod

1900 4060 2035 4113 bene
2044 4063 2152 4133 jam
2163 4059 2379 4131 Pighius
2387 4073 2731 4132 expunxerat,
2740 4072 2792 4113 et
2805 4061 2923 4131 jure

1901 4141 2052 4210 ejecit
2071 4141 2376 4194 Torrenius.
