3143 5204
769 462 865 534 38
1120 464 1564 533 VALERII
1622 464 2034 532 ΜΑΧΙΜΙ
2091 462 2283 531 LIB.
2353 463 2531 531 VII.

765 596 914 689 gius
951 594 1307 667 haberetur
1325 649 1346 684 ‚
1373 597 1787 691 comitiisque
1827 596 2149 692 praetoriis
2189 594 2573 664 candidatus
2610 595 2679 662 in
2715 618 2891 664 cam·

766 725 928 796 pum
976 704 1052 771 L.
1101 701 1330 772 Paullo
1375 727 1537 787 avo,
1574 717 1639 772 et
1690 706 1758 773 P.
1817 702 2131 772 Africano
2175 700 2503 771 avunculo
2550 702 2741 770 nixus
2781 701 2895 770 de-

768 808 1152 896 scendisset,
1188 808 1453 905 repulsa
1492 809 1646 880 inde
1688 824 1957 879 notatus
1992 809 2236 896 abiret3
2272 832 2428 877 nam
2469 823 2547 877 ut
2585 809 2896 904 privatim

767 938 1028 1009 semper
1064 918 1535 986 continentiam
1570 917 1977 1011 probabant,
2003 918 2093 985 ita
2128 914 2389 1010 publice
2418 917 2701 985 maxima
2736 938 2898 984 cura

768 1018 1132 1115 splendoris
1174 1022 1407 1092 habita
1448 1038 1563 1092 est.
1611 1023 1946 1111 Quocirca
1987 1022 2146 1097 urbs
2164 1020 2182 1046 ¹
2210 1047 2345 1091 non
2390 1024 2582 1091 unius
2612 1023 2900 1091 convivii

769 1151 1118 1196 numerum
1141 1181 1161 1215 ‚
1191 1128 1306 1199 sed
1337 1144 1545 1199 totam
1574 1152 1646 1199 se
1675 1132 1743 1197 in
1774 1129 1896 1198 illis
1924 1128 2242 1224 pelliculis
2267 1129 2547 1222 jacuisse
2580 1127 2899 1215 credens»,

768 1233 1081 1303 ruborem
1124 1234 1300 1329 epuli
1344 1236 1676 1331 suffragiis
1719 1238 1852 1307 suis
1893 1236 2268 1305 vindicavit.

880 1393 944 1435 2.
984 1370 1056 1436 P.
1101 1383 1323 1437 autem
1374 1370 1596 1489 Scipio
1635 1368 1944 1458 Nasica,
1987 1384 2228 1464 togatae
2270 1370 2580 1463 potentiae
2624 1366 2901 1445 clarissi-

770 1497 955 1542 mum
998 1472 1264 1562 lumen,
1308 1477 1362 1545 is
1405 1478 1518 1569 qui
1560 1476 1792 1545 consul
1828 1475 2172 1569 Jugurthae
2204 1474 2451 1544 bellum
2491 1475 2754 1544 indixit·
2739 1476 2904 1569 ,qui

771 1581 1059 1650 Matrem
1096 1568 1378 1651 Idaeam³
1405 1605 1445 1650 a
1478 1582 1775 1700 phrygiis
1809 1580 2069 1651 sedibus
2099 1580 2185 1649 ad
2214 1596 2473 1652 nostras
2507 1606 2652 1651 aras
2687 1581 2905 1651 focos-

769 1710 899 1780 que
941 1688 1335 1780 migrantem
1382 1688 1806 1757 sanctissimis
1842 1688 2149 1756 manibus
2187 1690 2483 1783 excepit;
2514 1690 2626 1782 qui
2661 1686 2909 1758 multas

769 1805 838 1869 et
873 1793 1217 1913 pestiferas
1246 1794 1598 1865 seditiones
1630 1796 2037 1863 auctoritatis
2065 1818 2198 1863 suae
2232 1795 2471 1864 robore
2497 1781 2906 1891 oppressit⁴¹5

773 1923 907 1991 quo
932 1901 1230 1995 principe
1258 1916 1522 1970 senatus
1546 1927 1669 1996 per
1692 1901 1942 1995 aliquot
1963 1924 2175 1970 annos
2200 1901 2516 1995 gloriatus
2540 1916 2673 1971 est·
2657 1926 2906 1996 .quum

772 2003 1144 2077 aedilitatem
1182 2007 1479 2078 curulem
1520 2007 1900 2091 adolescens
1936 2021 2221 2103 peteret,
2248 2032 2652 2103 manumque
2684 2009 2909 2103 cujus»

773 2112 927 2183 dam
961 2116 1209 2185 rustico
1250 2139 1453 2210 opere
1487 2115 1793 2185 duratam
1810 2169 1830 2203 ,
1856 2139 2044 2185 more
2071 2114 2574 2184 candidatorum
2610 2116 2908 2186 tenacius

774 2221 1343 2315 apprehendisset,
1362 2223 1498 2316 joci
1526 2224 1736 2318 gratia
1758 2222 2193 2317 interrogavit
2207 2247 2358 2293 eum
2372 2277 2391 2310 ,
2409 2246 2568 2292 num
2594 2221 2910 2293 manibus

772 2329 1012 2398 solitus
1057 2345 1240 2399 esset
1279 2330 1692 2400 ambulare?
1728 2330 1908 2425 quod
1951 2329 2200 2399 dictum
2245 2354 2287 2398 a
2332 2329 2911 2399 circumstantibus

775 2450 1159 2553 exceptum,
1186 2436 1273 2505 ad
1314 2436 1636 2532 populum
1673 2438 1967 2505 manavit
1979 2460 2424 2567 ‚causamque
2452 2435 2731 2532 repulsae
2766 2437 2910 2505 Sci-

774 2541 957 2635 pioni
999 2541 1257 2631 attulit3
1291 2567 1521 2613 omnes
1555 2567 1844 2638 namque
1879 2544 2139 2614 rusticae
2175 2529 2422 2613 tribus⁵
2449 2557 2906 2640 paupertatem

866 2788 916 2823 ι.
959 2766 1102 2822 Urbs.
1130 2763 1297 2822 Aldus
1332 2765 1444 2818 urbs
1471 2777 1652 2819 nostra.
1681 2765 1802 2819 Jam

780 2861 944 2903 nostra
970 2866 1106 2920 sepe
1130 2843 1347 2920 quidem
1375 2843 1558 2916 adjicit
1580 2846 1801 2911 Noster3

1888 2761 2029 2833 cepit
2043 2801 2059 2828 ,
2085 2762 2188 2816 fnit
2207 2775 2359 2835 pater
2391 2762 2614 2832 Cereali,
2634 2764 2913 2836 Serapionis

1889 2860 2047 2908 avus,
2078 2862 2218 2897 anno
2244 2844 2397 2911 urbis
2427 2847 2560 2911 56²,
2586 2845 2913 2904 eos-Nasica

778 2929 873 2985 sed
909 2931 999 2986 hic
1035 2941 1213 2981 tamen
1252 2945 1316 2978 eo
1354 2925 1491 2979 nihil
1532 2944 1669 2996 opus
1707 2938 1801 2979 est.

779 3010 934 3083 Pigh.
974 3009 1111 3063 sicut
1140 3005 1294 3060 initio
1319 3004 1495 3077 operis
1523 3006 1663 3060 ferre
1691 3024 1802 3057 non

779 3091 958 3163 potuit
979 3089 1106 3142 urbis
1128 3089 1335 3151 Romae,
1357 3104 1564 3156 proque
1591 3104 1656 3137 eo
1677 3087 1803 3138 sub-

781 3172 953 3226 stituit
993 3168 1164 3239 populi
1206 3169 1426 3230 romani,
1475 3176 1528 3217 et
1573 3165 1662 3219 hic
1702 3184 1803 3237 pro

783 3252 895 3303 urbs
913 3249 1092 3322 posuit
1112 3251 1294 3301 civitas.
1318 3244 1423 3301 Sed
1443 3258 1628 3298 nostra
1647 3245 1804 3299 lectio

781 3330 1151 3402 antiquissimis
1179 3326 1336 3381 codd.
1368 3326 1576 3379 nititur.

868 3432 922 3464 a.
961 3411 1162 3464 Nasica.
1191 3411 1292 3466 An,
1321 3409 1390 3461 U.
1420 3412 1551 3471 642.
1597 3407 1710 3460 Cic.
1745 3405 1804 3458 in

782 3493 981 3556 Erum,
1018 3491 1121 3554 343
1160 3488 1367 3542 Sallust.
1405 3486 1661 3559 Jugurth.
1697 3503 1804 3554 a7;

782 3591 928 3644 supr.
984 3573 1044 3636 1,
1102 3587 1163 3634 ι,
1217 3587 1265 3621 ι.
1319 3569 1476 3621 Errat
1526 3568 1631 3620 hoc
1685 3567 1804 3620 loco

786 3652 1064 3717 Valerius,
1094 3647 1380 3702 tribuendo
1406 3651 1491 3699 uni
1518 3647 1660 3718 Scip.
1695 3646 1805 3701 Na-

784 3732 925 3795 sica,
964 3728 1112 3804 quod
1141 3741 1346 3801 quatuor
1379 3729 1616 3782 tribuere
1650 3724 1805 3780 debe·

783 3813 890 3866 bat.
924 3815 977 3865 Is
1010 3811 1185 3873 enim,
1225 3809 1320 3880 qui
1353 3827 1460 3862 cos.
1491 3806 1800 3878 Jugurthae,

786 3910 926 3945 auno
966 3892 1113 3945 urbis
1158 3893 1306 3954 642,
1342 3889 1543 3942 bellum
1581 3885 1805 3951 iodim,

786 3972 887 4024 fuit
938 3973 1079 4026 filius
1130 3970 1422 4041 See-apionis.
1477 3968 1664 4028 Alter,
1711 3967 1806 4038 qui

787 4052 1013 4106 Matrem
1040 4052 1232 4106 Idaeam
1261 4069 1292 4103 e
1318 4048 1557 4121 phrygiis
1593 4046 1807 4102 sedibus

787 4132 1009 4184 Romam
1036 4134 1344 4202 migrantem
1366 4170 1381 4198 ‚
1408 4148 1569 4186 manu
1595 4147 1689 4182 sua
1716 4147 1805 4184 ex·

1887 2936 2116 2993 quatuor
2130 2926 2203 2977 sic
2215 2938 2508 2997 sequuntur
2520 2946 2532 2976 ε
2553 2926 2618 2977 Ρ.
2632 2924 2796 2998 Scipio
2808 2926 2914 2978 Na-

1887 3006 2016 3068 sica,
2042 3009 2127 3058 vir
2146 3008 2377 3074 optimus,
2408 3024 2514 3057 cos.
2540 3004 2766 3058 562.-
2787 3005 2911 3058 Cor-

1888 3084 2072 3143 culum,
2104 3103 2211 3139 cos.
2248 3085 2354 3153 59¹
2373 3123 2391 3150 ,
2418 3097 2471 3137 et
2505 3084 2636 3152 598.
2663 3117 2744 3127 —
2768 3085 2914 3138 Sera-

1882 3166 2029 3232 pion,
2050 3184 2159 3218 cos.
2186 3164 2323 3218 615.
2345 3166 2506 3217 —-·P.
2532 3164 2664 3235 Scep.
2698 3166 2825 3219 Nus.
2855 3166 2911 3218 in

1889 3245 2164 3299 consulatu
2180 3282 2196 3308 ‚
2222 3247 2294 3306 64
2307 3265 2357 3308 a,
2371 3257 2630 3298 mortuus.
2648 3246 2794 3297 —Is
2810 3250 2911 3317 qui.

1890 3320 1991 3374 Ed.
2029 3338 2135 3380 vet.
2181 3342 2303 3377 cum
2334 3324 2580 3380 omnibus
2611 3325 2723 3377 fere
2759 3324 2912 3379 MSS.

1890 3403 2137 3458 Torrenii
2159 3409 2201 3458 is
2222 3404 2438 3470 omittit.

1974 3485 2027 3539 3.
2055 3486 2268 3538 Mamm
2294 3485 2489 3539 ldaeam.
2510 3483 2660 3538 Leid.
2692 3503 2795 3538 sec.
2817 3484 2912 3537 ba-

1889 3563 1980 3618 bet
2008 3563 2217 3618 Matrem
2255 3566 2412 3619 deam
2438 3565 2564 3618 Hoc
2593 3576 2671 3618 est
2709 3583 2832 3636 qun
2859 3578 2913 3617 et

1892 3644 2058 3698 Mater
2083 3665 2262 3716 magna
2294 3657 2350 3699 et
2382 3645 2559 3717 Cybele
2587 3645 2911 3699 nominatur.

1892 3723 2020 3778 vid.
2049 3727 2111 3790 1,
2146 3745 2208 3791 ι,
2247 3744 2295 3780 ι.
2327 3754 2408 3768 ——-
2450 3727 2750 3796 Ephty‘giis
2784 3726 2912 3778 udi·

1891 3805 1993 3858 bus.
2015 3805 2249 3872 Quidam
2272 3826 2299 3856 e
2313 3805 2914 3877 phrigicit.1ntelligitur

1890 3898 2070 3941 autem
2099 3886 2372 3950 Peninus,
2391 3886 2519 3939 urbs
2550 3885 2814 3956 Phrygiae.

1974 3973 2028 4030 4.
2060 3967 2326 4038 Oppressit.
2350 3968 2452 4020 An.
2472 3967 2543 4018 U.
2573 3968 2707 4019 608.
2737 3967 2908 4020 Cicer.

1892 4066 1992 4118 pro
2023 4048 2197 4100 Plane.
2227 4065 2318 4100 αι..

1981 4129 2027 4181 5.
2066 4127 2257 4182 Tribus.
2297 4125 2468 4180 Tribus
2497 4124 2759 4180 distincto
2788 4137 2911 4179 sunt
