3143 5204
416 502 601 569 CAP.
657 504 865 589 XIII,
920 504 1043 571 DE
1099 506 1626 577 SENECTUTE
1669 510 2029 581 MEMOR.
2153 518 2292 588 113

177 647 534 725 auguratus
583 633 1022 705 sacerdotium
1078 640 1422 726 sustinuit,
1473 640 1742 710 robusta
1790 643 1927 735 jam
1983 661 2172 718 aetate
2232 651 2297 721 id

178 737 497 832 adeptus;
537 765 686 834 quae
727 756 1003 836 utraque
1046 757 1347 838 tempora
1384 748 1435 813 si
1475 747 1542 814 in
1586 772 1794 817 unum
1840 752 2297 843 conferantur,

177 842 362 914 facile
399 845 601 916 seculi
636 846 908 917 modum
947 848 1371 943 expleverint.

277 954 350 1036 4.
395 955 544 1021 Jam
595 953 678 1021 de
723 956 818 1023 M.
867 956 1237 1050 Perperna¹
1275 957 1443 1051 ,quid
1479 957 1758 1052 loquar?
1802 967 1915 1056 qui
1957 969 2298 1056 omnibus,

176 1081 340 1150 quos
378 1060 446 1127 in
491 1074 789 1129 senatum
833 1060 1065 1130 consul
1104 1061 1526 1151 vocaverat²,
1571 1083 1900 1160 superstes
1937 1072 2097 1141 fuit:
2142 1101 2296 1171 sep-

177 1177 304 1231 tem
333 1188 602 1259 quoque
629 1168 1128 1255 tantummodo,
1160 1194 1326 1263 quos
1357 1194 1592 1240 censor
1620 1172 1872 1270 collega
1900 1181 1978 1247 L.
2011 1181 2297 1278 Philippi

177 1266 452 1364 legerat,
487 1297 523 1339 e
557 1272 854 1366 patribus
891 1277 1281 1371 conscriptis
1324 1274 1610 1371 reliquos
1650 1279 1849 1368 vidit,
1882 1298 2034 1355 'toto
2070 1290 2301 1359 ordine

177 1374 581 1470 amplissimo
623 1365 1053 1450 diuturnior³.

281 1481 348 1552 5.
402 1472 631 1579 Appii⁴
683 1510 843 1555 vero
898 1512 1112 1556 aevum
1172 1487 1356 1558 clade
1408 1492 1715 1579 metirer,
1769 1497 1924 1588 quia
1971 1497 2302 1572 infinitum

178 1613 527 1659 numerum
556 1615 882 1661 annorum
908 1595 1179 1663 orbatus
1208 1593 1564 1665 luminibus
1596 1602 1845 1694 exegit,
1868 1603 1989 1672 nisi
2019 1622 2306 1699 quatuor

179 1693 340 1764 filios
384 1710 452 1765 et
496 1700 784 1792 quinque
829 1697 994 1769 filias
1017 1754 1036 1787 ,
1077 1699 1395 1795 plurimas
1433 1701 1764 1775 clientelas
1790 1761 1809 1794 ,
1848 1734 1986 1778 rem
2024 1711 2306 1810 denique

181 1801 546 1896 publicam,
595 1805 725 1875 hoc
775 1829 932 1875 casu
984 1823 1329 1902 gravatuS,
1381 1809 1735 1880 fortissime
1788 1818 2099 1888 rexisset:
2145 1826 2303 1916 quin

179 1911 370 1978 etiam
425 1910 632 1981 fessus
676 1912 816 2004 J'am
875 1914 1201 2002 vivendo,
1244 1913 1477 1985 lectica
1525 1941 1594 1985 se
1646 1920 1712 1986 in
1765 1924 2017 1994 curiam
2066 1925 2307 1999 deferri

177 2015 401 2108 jussit,
441 2031 517 2086 ut
553 2042 704 2086 cum
741 2020 998 2112 Pyrrho
1036 2019 1401 2090 deformem
1446 2046 1679 2117 pacem
1726 2025 1870 2096 fleri
1904 2032 2306 2125 prohiberet.

185 2125 374 2192 Hunc
421 2148 671 2193 caecum
715 2123 945 2219 aliquis
988 2129 1320 2214 nominet,
1363 2152 1401 2196 a
1440 2154 1574 2222 quo
1614 2133 1826 2224 patria
1867 2137 2045 2229 quod
2092 2141 2307 2235 hone-

185 2242 350 2298 stum
389 2244 565 2319 erat,
609 2255 728 2325 per
770 2257 840 2301 se
881 2257 1115 2328 parum
1162 2258 1476 2322 cernens,
1512 2252 1743 2306 coacta
1780 2255 1880 2343 est
1915 2247 2308 2337 pervidere?

186 2419 387 2475 dotium
409 2424 692 2495 juvenibus
722 2443 876 2488 raro,
905 2422 1200 2479 adolescen-
1288 2436 1367 2479 ter
1396 2427 1697 2483 accendere.
1732 2431 1827 2485 lua
1858 2432 1970 2487 haec
2010 2456 2265 2494 memorat
2291 2463 2305 2496 :

186 2502 315 2554 tibus
353 2522 628 2575 nunquam
665 2522 967 2557 concessum
1006 2505 1103 2569 sit,
1147 2517 1200 2558 et
1293 2533 1315 2553 ι
1340 2508 1529 2579 Appius
1554 2509 1790 2563 Claudius
1814 2512 1873 2567 C.
1899 2514 1964 2567 F.
1993 2515 2185 2581 Coecm,
2204 2542 2311 2574 cen-

188 2580 370 2636 Fabius
402 2584 558 2636 LXII
587 2575 609 2652 (
628 2586 776 2656 juxta
802 2584 939 2637 Plin.
973 2582 1197 2650 LXIII)
1285 2606 1388 2653 sor,
1417 2589 1585 2641 consul
1611 2590 1709 2653 bis,
1731 2592 1966 2656 dictator,
1995 2599 2202 2653 interr-ex
2224 2602 2312 2657 III

187 2680 343 2715 annos
394 2661 529 2717 illud
576 2665 790 2735 gesserit
808 2703 824 2728 ,
865 2678 1036 2737 patet,
1075 2683 1197 2718 eum
1279 2680 1424 2737 praet.
1451 2670 1539 2730 11¹,-
1564 2671 1657 2722 aed.
1688 2692 1787 2726 cur.
1812 2675 1903 2736 11,·
1931 2677 2043 2730 trib.
2064 2682 2162 2734 mil.
2188 2683 2278 2734 III
2288 2705 2308 2745 ‚-

187 2759 345 2814 prope
386 2742 453 2795 ad
491 2744 654 2797 seculi
685 2758 886 2797 aetatem
913 2745 1195 2806 accessisse.
1286 2749 1528 2817 complura
1557 2752 1734 2821 oppida
1754 2753 1814 2803 de
1838 2753 2132 2810 Samnitibus
2159 2768 2307 2831 cepit,

266 2841 312 2875 1.
341 2823 604 2894 Perperna.
626 2833 727 2877 An.
751 2826 823 2878 U.
848 2827 955 2877 661
988 2837 1041 2877 et
1061 2828 1196 2894 6673
1286 2826 1571 2880 Sabinorum
1598 2842 1649 2881 et
1676 2832 1932 2885 Tuscorum
1955 2842 2208 2892 exer-cium
2220 2843 2312 2907 fii-

191 2901 284 2953 Dio
300 2940 318 2967 ‚
344 2903 490 2956 XLI.
1287 2906 1388 2966 dit.
1403 2926 1568 2976 pacem
1578 2909 1700 2978 fieri
1717 2931 1821 2964 cum
1848 2915 2041 2985 Pyrrho
2066 2938 2176 2990 rege
2193 2942 2312 2991 pro-

266 3001 317 3035 ι.
363 2984 507 3052 Quos
529 2987 579 3034 in
612 2996 825 3035 senatum
859 2985 1026 3037 consul
1051 3004 1197 3036 voca·
1289 2986 1474 3047 hibuit,
1506 2991 1557 3040 in
1588 3010 1784 3043 censura
1809 2994 2021 3064 Appiam
2040 3005 2239 3064 stravit,
2264 3019 2313 3055 ee

193 3075 328 3115 urae.
370 3064 459 3116 Sic
488 3065 600 3117 sere
628 3062 778 3116 MSS.
812 3064 1003 3134 quibus
1033 3062 1200 3116 editio
1289 3084 1463 3137 aquam
1493 3071 1544 3119 in
1569 3070 1730 3121 urbem
1759 3073 1981 3126 addimit.
2023 3103 2045 3124 ι
2098 3080 2176 3132 Ita
2206 3083 2310 3137 hoc

191 3154 332 3195 vetus
345 3143 632 3206 consentin
653 3141 813 3213 idque
823 3144 1062 3197 Gronov.
1074 3163 1200 3215 pro·
1290 3164 1540 3211 marmor,
1550 3146 1619 3201 de
1631 3168 1738 3220 quo
1750 3163 1924 3206 tamen
1933 3153 2313 3216 dubitaverunt

191 3220 344 3275 havit.
377 3221 505 3276 Vid.
533 3236 681 3276 notas
709 3225 823 3292 ejus
852 3221 920 3280 ad
954 3223 1073 3276 Liv-
1112 3223 1201 3288 Π,
1290 3227 1553 3290 nonnulli,
1580 3247 1645 3280 an
1670 3233 1964 3299 genuinum
1977 3252 2135 3304 esset,
2160 3243 2310 3295 brevi

198 3301 261 3353 55
282 3321 299 3367 ;
327 3303 418 3355 ubi
441 3303 658 3374 phrases
685 3308 735 3355 ιἰι
752 3314 994 3362 senatum,
1022 3307 1073 3356 in
1094 3323 1204 3354 eon-
1290 3305 1660 3375 complectitur
1683 3312 1845 3382 Appii
1862 3326 2020 3383 gesta.
2051 3320 2216 3390 Cujus
2243 3324 2313 3376 ad

191 3384 362 3433 cionem
397 3403 575 3435 vocat-e
610 3395 665 3434 et
699 3383 754 3435 in
787 3382 942 3435 Livio
982 3381 1205 3437 demon·
1292 3382 1602 3438 diuturnam
1614 3386 2312 3471 vitamquodattinet‚quum

192 3473 333 3515 strat.
358 3464 536 3534 Vulgo
569 3481 583 3514 z
615 3482 731 3534 quos
771 3467 822 3514 in
863 3473 1028 3514 senatu
1057 3482 1203 3532 toga·
1288 3476 1527 3516 veterum
1559 3467 1779 3537 plurimi
1819 3471 2142 3532 moderatam
2187 3496 2241 3534 et
2281 3503 2310 3535 a

193 3554 335 3596 vemt.
1293 3543 1691 3600 vehementibus
1729 3549 2003 3607 affectibus
2050 3571 2310 3631 tempera-

275 3621 327 3674 3.
354 3623 658 3676 Duum-nior.
679 3622 916 3674 XCVIII
940 3640 1105 3674 annos
1131 3621 1205 3674 vi·
1294 3635 1399 3676 tam
1416 3624 1578 3676 vitam
1599 3645 1748 3697 agere
1770 3629 2067 3702 studerent,
2086 3640 2309 3713 et'longe

193 3699 353 3766 xisse,
385 3702 587 3755 Plinius
614 3702 792 3754 refert.
1291 3703 1644 3775 simpliciore,
1696 3723 1855 3779 quam
1899 3728 2078 3783 postea
2095 3757 2110 3784 ‚
2166 3721 2312 3774 victu

275 3787 327 3842 4.
354 3783 522 3851 Appii.
549 3782 628 3833 De
645 3781 819 3852 Appio
846 3794 997 3840 vetus
1018 3780 1203 3833 inscri-
1291 3795 1590 3850 uterentur,
1607 3805 1718 3839 non
1742 3801 1945 3843 tantum
1975 3793 2070 3849 diu
2098 3799 2278 3853 vivere
2294 3842 2310 3864 ,

194 3860 335 3929 ptio;
377 3861 807 3932 inscriptionibus
854 3861 996 3913 enim
1010 3898 1028 3925 ‚
1073 3859 1207 3912 sicut
1291 3862 1384 3917 sed
1401 3875 1455 3916 et
1470 3864 1528 3917 in
1539 3880 1808 3921 senectute
1823 3869 1990 3925 firmis
2004 3872 2168 3931 animi
2182 3881 2310 3933 viri-

194 3939 307 3993 aliis
333 3941 684 3994 monumentis
695 3980 710 4005 ‚
743 3953 943 3993 veteres
968 3940 1210 3993 solebant
1296 3944 1393 3995 bus
1410 3956 1460 3996 et
1473 3947 1711 4017 corporis
1723 3950 1915 4003 robore
1926 3954 2154 4021 gaudere
2166 3973 2312 4030 pote·

195 4037 500 4090 magnorum
510 4020 747 4073 virorum
756 4020 959 4091 egregie
975 4019 1211 4073 factaim-
1295 4036 1431 4075 rant.
1449 4025 1530 4076 Ab
1548 4043 1654 4096 qua
1670 4026 1754 4079 via
1769 4027 2103 4088 deflectentes
2116 4075 2132 4102 ,
2151 4057 2310 4109 quam

196 4101 490 4155 mortalitati
505 4098 731 4163 tradere,
748 4113 799 4153 et
811 4102 1028 4171 juvenes
1057 4098 1124 4151 ad
1145 4099 1219 4153 sie
1299 4101 1459 4168 foeda,
1490 4104 1703 4158 infirma
1719 4147 1735 4172 ,
1757 4106 2023 4181 decrepita
2047 4131 2314 4173 senectute

198 4179 370 4232 milem
392 4181 615 4252 gloriam
644 4181 740 4234 sibi
773 4177 1060 4252 parandum
1080 4178 1211 4235 acri·
1297 4181 1632 4251 affliguntur‚
1647 4198 1706 4238 ut
1717 4188 1802 4240 vix
1815 4189 1994 4245 vivere
2010 4193 2314 4255 videantur!

305 4292 400 4356 II.
1900 4298 1942 4368 8
