3143 5204
877 485 976 563 66
1208 482 1662 553 VALERII
1717 481 2135 549 MAXIMI
2190 484 2379 551 LIB.
2437 485 2657 553 VIII.

870 617 1215 713 ampliata,
1239 631 1307 685 et
1331 616 1414 684 ad
1447 612 1751 683 ultimum
1779 628 2017 683 octavo
2040 614 2290 707 judicio
2333 614 2630 685 absoluta
2667 629 2765 684 est
2793 641 2806 683 ε
2833 620 2964 711 quia

869 727 1171 796 homines
1205 722 1660 818 sapientissimi
1694 720 2129 807 verebantur,
2171 744 2255 790 ne
2289 723 2634 817 praecipuae
2668 739 2968 793 accusato-

870 836 962 902 ris
1003 830 1418 926 amplitudini
1452 828 1787 897 damnatio
1824 828 1963 921 ejus
2005 827 2249 896 donata
2279 829 2778 898 existimaretur.
2802 831 2967 918 Quos

871 940 1012 1010 haec
1039 964 1259 1008 secum
1284 935 1594 1031 loquutos
1614 933 2040 1004 crediderim:
2082 964 2116 999 «
2139 933 2466 1004 Nolumus
2502 950 2702 1030 caput
2729 934 2966 1005 alterius

869 1062 1200 1141 petentem
1227 1098 1245 1131 ‚
1295 1047 1363 1111 in
1407 1042 1729 1136 judicium
1774 1041 2146 1137 triumphos
2194 1057 2261 1110 et
2303 1056 2547 1135 tropaea
2570 1095 2591 1126 ‚
2625 1041 2968 1137 spoliaque,

867 1176 944 1223 ac
975 1152 1382 1221 devictarum
1421 1150 1695 1217 navium
1738 1163 1951 1217 rostra
1990 1147 2287 1236 deferre;
2322 1148 2635 1218 terribilis
2671 1150 2752 1219 sit
2787 1151 2838 1218 is
2872 1148 2968 1217 ad-

868 1284 1097 1328 versus
1142 1259 1400 1327 hostem
1444 1282 1458 1323 :
1497 1256 1659 1324 civis
1696 1279 1858 1323 vero
1895 1252 2205 1344 salutem,
2247 1269 2432 1325 tanto
2474 1254 2732 1350 fulgore
2771 1255 2969 1349 gloriae

870 1367 1226 1452 subnixus,
1266 1388 1349 1431 ne
1391 1363 1789 1456 insequatur.
1819 1377 1854 1412 ³>

988 1523 1009 1566 1
1032 1524 1095 1566 2.
1147 1500 1313 1565 Tam
1364 1496 1788 1566 vehementes
1811 1493 1828 1519 ¹
1869 1495 2122 1590 judices
2168 1493 2484 1565 adversus
2526 1493 2968 1565 excellentissi-

868 1631 1048 1675 mum
1098 1604 1584 1691 accusatorem,
1620 1626 1818 1696 quam
1857 1604 2049 1671 mites
2079 1603 2146 1670 in
2192 1600 2391 1697 longe
2428 1602 2751 1672 inferioris
2781 1601 2967 1670 ‘fortu-

868 1738 967 1781 nae
1004 1706 1148 1779 reo!
1188 1708 1480 1779 Calidius
1510 1710 1940 1778 Bononiensis
1978 1711 2042 1775 in
2075 1702 2627 1777 cubiculo'mariti
2664 1722 2860 1777 noctu
2883 1705 2970 1775 de-

868 1818 1232 1913 prehensus
1252 1869 1272 1903 ,
1310 1841 1515 1910 quum
1565 1816 1652 1883 ob
1700 1815 1767 1882 id
1817 1838 2080 1882 causam
2134 1812 2435 1883 adulterii
2486 1815 2736 1883 diceret
2760 1869 2778 1900 ,
2823 1816 2969 1882 inter

867 1926 1187 1993 maximos
1211 1936 1279 1991 et
1304 1921 1724 2015 gravissimos
1755 1920 2040 1987 infamiae
2070 1919 2309 1989 fluctus
2338 1922 2640 2007 emersit,
2663 1935 2968 2015 tamquam

870 2032 1315 2126 fragmentum
1359 2025 1720 2121 naufragii,
1763 2024 1907 2093 leve
1949 2020 2308 2094 admodum
2352 2050 2558 2122 genus
2606 2027 2970 2096 defensionis

870 2136 1209 2232 amplexus
1235 2162 1252 2218 ;
1292 2132 1651 2202 affirmavit
1680 2133 1856 2200 enim
1892 2156 1967 2201 se
2000 2131 2091 2200 ob
2122 2155 2422 2202 amorem
2443 2139 2660 2229 pueri
2681 2131 2878 2204 serv?
2901 2158 2968 2202 eo

871 2270 1020 2313 esse
1037 2242 1457 2338 perductum.
1490 2242 1849 2333 Suspectus
1877 2252 2019 2307 erat
2045 2237 2229 2308 locus
2245 2255 2672 2333 ‚suspectum
2704 2256 2968 2334 tempus,

870 2365 1170 2471 suspecta
1200 2350 1425 2417 matris
1451 2344 1709 2414 familiae
1733 2369 2050 2439 persona,
2043 2360 2384 2477 3suspecta
2404 2348 2604 2416 etiam
2635 2345 2969 2416 adolescen-

870 2461 960 2526 tia
1002 2459 1248 2552 ipsius:
1291 2454 1406 2525 sed
1449 2454 1699 2521 crimen
1738 2437 2066 2521 libidinis³
2114 2453 2440 2522 confessio
2477 2454 2968 2548 intemperantiae

875 2564 1191 2633 liberavit.

992 2694 1100 2765 13.
1134 2694 1550 2762 Remissioris
1587 2694 1716 2762 hoc
1739 2747 1757 2778 ,
1787 2692 1946 2762 illud
1981 2693 2317 2788 aliquanto
2353 2697 2675 2789 gravioris
2710 2695 2969 2764 materiae

875 2905 1144 2963 translatio
1170 2924 1200 2957 a
1230 2902 1623 2975 gladiatoribus.
1664 2935 1742 2944 —
1767 2903 1892 2955 Am·
1978 2903 2102 2973 ghio
2128 2905 2347 2975 priores.
2371 2905 2531 2957 Recte
2560 2924 2689 2977 ergo
2710 2903 2970 2959 Torreuius

870 2990 1044 3060 plinta.
1090 2987 1238 3037 Inter
1281 2981 1893 3054 comperendinationem
1980 2983 2237 3046 restituit,
2267 3004 2431 3056 quum
2447 2984 2684 3056 Pighius,
2706 2986 2909 3039 Colerus
2929 2994 2970 3033 et

878 3083 931 3121 et
955 3065 1255 3138 ampliatam
1288 3082 1494 3116 causam
1517 3063 1621 3114 hoc
1650 3062 1893 3115 interest:
1980 3063 2160 3116 Vorst.
2193 3062 2461 3118 dedissent
2494 3078 2590 3116 tam
2621 3066 2896 3116 vehementes
2924 3060 2970 3113 hi

882 3144 1325 3217 Comperendinatio
1367 3155 1444 3196 est
1462 3180 1479 3208 ‚
1521 3161 1688 3212 quum
1735 3142 1896 3195 altera
1969 3143 2243 3213 judices....
2272 3165 2410 3217 quam
2451 3145 2525 3197 illi
2569 3149 2720 3198 mites.
2757 3141 2972 3197 Valerius

878 3241 1082 3283 tantum
1098 3225 1327 3297 partium
1345 3222 1580 3294 petit‚ut
1600 3223 1896 3274 inalterum
1981 3221 2122 3275 haud
2160 3221 2291 3276 dicit
2309 3264 2325 3289 ‚
2365 3223 2596 3277 iidemue
2633 3224 2832 3296 judices
2876 3223 2970 3275 fue·

875 3309 1021 3362 diem
1044 3303 1304 3378 judicium
1326 3301 1627 3360 differatur,
1657 3321 1720 3355 eo
1750 3300 1897 3373 quod
1981 3302 2116 3366 rint,
2137 3321 2202 3354 an
2224 3304 2312 3356 alii
2330 3342 2345 3368 ‚
2365 3304 2457 3357 sed
2479 3316 2686 3358 tautum
2705 3305 2851 3357 nobis
2869 3313 2972 3355 ante

880 3389 1054 3445 dicat,
1091 3382 1291 3456 judices
1330 3402 1534 3436 causam
1579 3401 1688 3435 non
1731 3382 1897 3454 probe
1980 3383 2162 3434 oculos
2201 3384 2383 3455 ponit,
2412 3384 2616 3454 judices
2652 3386 2805 3438 fuisse
2836 3383 2973 3435 vehe-

880 3467 1194 3542 perspicere.
1234 3463 1485 3535 Amphora
1523 3481 1649 3515 vero
1683 3483 1826 3513 causa
1865 3481 1894 3514 a
1983 3475 2183 3516 mentes
2206 3462 2454 3517 adversus
2473 3464 2773 3536 Scipionem
2802 3480 2972 3514 accusa·

875 3547 1141 3622 judicibus
1191 3544 1518 3615 protrahitur
1562 3560 1576 3594 ε
1632 3541 1900 3594 intellecta
1984 3554 2153 3609 torem,
2177 3544 2330 3596 mites
2353 3563 2481 3596 vero
2505 3545 2561 3596 in
2576 3544 2791 3610 Calidio
2813 3563 2900 3595 reo.
2923 3542 2972 3592 In

880 3629 1053 3692 enim,
1079 3625 1124 3678 si
1149 3625 1287 3695 justa
1318 3636 1420 3687 est,
1460 3636 1582 3674 reus
1616 3622 1893 3676 confestim
1985 3642 2064 3673 reo
2091 3637 2192 3681 est,
2217 3636 2401 3676 contra
2432 3644 2600 3679 reum.

880 3706 1193 3770 absolvitur,
1224 3703 1267 3755 si
1289 3703 1450 3765 mala,
1479 3698 1656 3753 statim
1683 3699 1895 3753 damna·
2068 3721 2122 3756 2.
2173 3702 2324 3757 Servi.
2371 3704 2486 3758 Hoc
2534 3705 2727 3758 levavit
2766 3703 2972 3764 crimen,

883 3802 1000 3853 tur;
1032 3787 1076 3839 si
1102 3803 1210 3836 non
1239 3782 1464 3852 liqueat,
1495 3782 1552 3832 in
1591 3779 1734 3832 aliud
1760 3794 1894 3833 tem·
1983 3782 2129 3854 quod
2155 3785 2413 3856 ingenuus
2430 3804 2564 3856 puer
2592 3804 2701 3836 non
2728 3795 2867 3836 esset.

882 3888 981 3944 pus
1009 3864 1275 3917 differtur.
1298 3863 1362 3914 In
1393 3862 1494 3914 hoc
1520 3872 1754 3912 extremo
1784 3873 1897 3911 ute·
2069 3864 2381 3919 3.Libidinis.
2399 3864 2536 3918 Huic
2549 3856 2970 3934 vociinquibusd.

881 3949 1074 3999 bantur
1107 3943 1298 3997 litteris
1328 3942 1398 3994 N.
1430 3942 1491 3994 L.
1527 3935 1656 4001 (non
1686 3935 1890 4016 liquet),
1983 3941 2103 3996 edd.
2146 3942 2382 3996 additum
2418 3963 2430 3997 :
2465 3945 2704 3996 adulterii.
2742 3941 2839 3996 Sed
2875 3941 2971 3992 haec

882 4046 1009 4097 quas
1040 4022 1228 4077 tabulis
1260 4021 1631 4074 inscribebant.
1982 4034 2058 4073 est
2089 4024 2257 4093 glossa
2285 4023 2512 4077 liln'dinis.
2544 4022 2737 4077 Libido
2771 4021 2972 4075 sumitur

974 4125 1017 4157 1.
1047 4099 1900 4170 Tan12·ehementesjud1ces....quam
1983 4121 2082 4173 pro
2123 4101 2412 4167 adulterim
2455 4103 2846 4176 intemperantia
2887 4116 2971 4170 pm

885 4191 1031 4238 mites.
1067 4184 1149 4237 Sic
1178 4201 1359 4236 omnes
1382 4179 1533 4233 MSS.
1569 4191 1621 4231 et
1651 4176 1770 4231 edd.
1809 4178 1898 4230 Pi·
1983 4177 2179 4234 παιὸὣν
2209 4183 2347 4252 ἔρωτι
2380 4184 2613 4254 ponitur.
