3143 5204
720 464 849 510 vm
1242 440 1762 507 PRAEFATIO
1817 442 2339 510 EDITORIS.

721 601 950 671 indicis
993 601 1363 670 Graecitatis
1399 597 1788 683 Platonicae3
1830 603 1954 687 ita,
1998 616 2074 668 ut
2119 626 2330 696 neque
2379 602 2654 670 verbum
2700 604 2864 674 desit

719 723 925 793 ullum
950 779 968 811 ‚
1007 750 1219 819 neque
1258 706 1452 793 ullius
1498 724 1684 792 verbi
1712 722 2029 794 Platonici
2063 727 2164 794 vis
2200 740 2337 793 tum
2379 710 2683 821 propria,
2720 744 2861 796 tum

716 850 936 934 varia,
958 863 1099 916 tum
1138 849 1481 932 universa,
1514 844 1712 940 paulo
1751 844 2050 915 subtilius
2083 846 2424 941 explicata.
2453 851 2704 919 Verum
2731 850 2862 921 hoc

717 974 784 1040 in
828 974 1171 1067 praesentia
1218 968 1377 1039 nihil
1423 969 1504 1038 ad
1547 995 1682 1038 nos.
1721 967 1896 1037 Illud
1931 969 2017 1037 ad
2055 995 2213 1056 nos,
2241 974 2405 1040 istuc
2436 997 2701 1067 quoque
2732 976 2863 1042 Vo-

716 1094 941 1165 lumen
970 1094 1271 1162 editionis
1290 1108 1532 1162 nostrae
1548 1088 1729 1182 (nam
1756 1094 1820 1160 in
1853 1107 2106 1187 partem
2130 1093 2401 1163 alteram
2423 1149 2442 1179 ,
2466 1120 2612 1189 quae
2640 1096 2864 1166 subse-

712 1222 973 1315 quitur,
1011 1220 1413 1313 conjecimus
1459 1219 1542 1287 de
1597 1231 2009 1287 ostentorum
2053 1219 2486 1314 scriptoribus
2531 1245 2644 1290 eos
2686 1221 2859 1309 fere,

711 1370 879 1440 quos
920 1345 1004 1413 ad
1039 1344 1497 1413 illustrandum
1530 1342 1872 1412 Valerium
1916 1342 2239 1438 proficere
2277 1343 2635 1440 plurimum
2673 1346 2858 1414 arbi-

711 1471 1085 1551 trabamur,
1112 1470 1151 1536 J
1156 1466 1359 1536 ulium
1394 1468 1924 1562 Obsequentem,
1949 1469 2220 1537 Joannis
2250 1468 2417 1562 Lydi
2452 1468 2857 1563 fragmenta,

712 1592 1333 1688 Astrampsychum,
1379 1591 1867 1686 Nicephorum,
1905 1593 2237 1660 Zoroastri
2279 1586 2615 1680 oracula),
2658 1594 2856 1682 istuc,

712 1718 1014 1810 inquam,
1058 1714 1392 1785 Volumen
1429 1713 1744 1796 alterum,
1789 1716 1855 1780 in
1896 1712 2059 1782 duas
2097 1728 2317 1810 partes
2355 1715 2672 1799 divisum,
2720 1741 2854 1784 non

710 1864 981 1935 prorsus
1019 1837 1362 1934 displicere
1407 1835 1796 1922 lectoribuS‚
1840 1834 2191 1905 latinarum
2239 1836 2614 1925 literarum,
2656 1852 2856 1932 atque

711 1963 877 2032 adeo
914 1962 1231 2031 doctrinae
1266 1973 1626 2047 accuratae,
1656 1960 1931 2056 cupidis.
1969 1962 2158 2051 Quos
2199 1988 2349 2046 oro,
2391 1977 2466 2032 ut
2498 1978 2565 2031 et
2592 1972 2701 2032 me
2732 1962 2853 2032 sibi

710 2089 1248 2157 commendatum
1286 2086 1608 2173 habeant,
1638 2101 1704 2153 et
1741 2086 1864 2154 toti
1893 2084 2047 2155 huic
2085 2086 2357 2157 consilio
2386 2087 2469 2156 de
2505 2068 2852 2182 vulgandis

706 2213 1087 2283 auctoribus
1128 2210 1414 2281 classicis
1450 2209 1672 2280 favere
1710 2225 2006 2305 pergant.

816 2338 1061 2431 Scripsi
1101 2337 1396 2422 ParisiiS,
1432 2336 1604 2431 prid.
1650 2359 1858 2404 nonas
1896 2336 2144 2420 Maias,
2196 2358 2254 2401 a.
2308 2337 2386 2403 C.
2440 2338 2580 2403 clo·
2626 2335 2845 2403 locon.

710 2488 905 2532 xxm.

2076 2626 2150 2691 C.
2210 2627 2281 2692 Β.
2339 2627 2574 2694 ΗΑει-ῑ.
