3143 5204
474 492 685 558 CAP.
745 490 807 577 Ι,
864 491 1001 556 DE
1051 490 1538 557 LUXURIA
1594 491 1721 557 ET
1778 492 2093 559 LIBID.
2205 491 2341 586 139

223 637 504 718 crogatae
533 621 747 691 sunt¹.
790 621 946 709 Quo
982 623 1048 688 in
1092 620 1342 715 flagitio
1376 634 1511 688 tam
1556 635 1766 707 tetro,
1811 636 2077 715 tamque
2122 622 2345 692 multi-

225 729 407 825 plici,
444 730 694 798 nescias
732 730 1019 824 primum
1057 751 1255 821 quem
1293 726 1655 813 detestere;
1705 750 1791 797 an
1826 730 1938 823 qui
1983 730 2158 798 istud
2200 755 2345 800 cor-

221 836 494 931 ruptelae
523 861 731 930 genus
760 834 1192 929 excogitavit,
1224 850 1310 902 a‘n
1341 834 1454 927 qui
1490 858 1677 903 suam
1713 835 2094 929 pudicitiam
2129 861 2348 931 seque-

222 959 418 1013 strem
467 944 735 1037 perjurii
775 940 915 1010 fieri
958 940 1130 1036 passi
1169 955 1323 1009 sunt
1339 938 1384 1024 ²,
1421 964 1506 1008 an
1539 943 1653 1034 qui
1690 940 2070 1037 religionem
2116 958 2346 1058 stupro

224 1064 748 1144 permutarunt.-

327 1158 395 1228 8.
437 1158 648 1250 AEque
701 1156 1096 1285 flagitiosum
1142 1152 1304 1222 illud
1341 1155 1759 1241 convivium,
1794 1155 1974 1249 quod
2011 1154 2350 1226 Gemellus

225 1262 599 1332 tribunitius
636 1247 905 1347 viator³‚
939 1262 1205 1356 ingenui
1232 1260 1601 1356 sanguinis,
1638 1261 1752 1331 sed
1786 1261 1989 1332 officii
2025 1263 2198 1332 intra
2226 1288 2351 1333 ser-

223 1368 416 1438 vilem
478 1369 776 1437 habitum
844 1368 1195 1451 deformis,
1253 1365 1525 1436 Metello
1576 1369 1868 1462 Scipioni
1922 1368 2218 1457 consuli,
2265 1394 2349 1439 ac

225 1476 504 1545 tribunis
548 1475 756 1594 plebis
806 1499 1048 1571 magno
1101 1498 1255 1543 curn
1313 1473 1554 1544 rubore
1594 1477 1877 1546 civitatis
1921 1478 2350 1570 comparavit.

225 1584 584 1678 Lupanari
585 1584 771 1651 enim
809 1583 990 1651 domi
1023 1606 1156 1651 suae
1186 1582 1521 1668 instituto,
1552 1570 1882 1651 Muciam⁴
1919 1598 1985 1652 et
2018 1582 2312 1652 Fulviam
2335 1637 2354 1668 ,

226 1705 370 1759 tum
408 1712 450 1758 a
481 1702 709 1786 patre,
743 1703 883 1758 tum
921 1713 960 1757 a
997 1690 1144 1757 viro
1188 1702 1537 1782 utramque
1575 1686 1924 1783 inclytam,
1960 1704 2026 1759 et
2064 1688 2351 1758 nobilem

227 1820 545 1926 puerum⁵
546 1797 979 1865 Saturninum
1021 1796 1089 1863 in
1128 1820 1208 1864 eo
1249 1797 1602 1890 prostituit.
1653 1796 1981 1866 Probrosa
2027 1797 2354 1890 patientiae

226 1889 570 1998 eorpora⁵‚
607 1901 891 1971 ludibrio
925 1901 1304 1971 temulentae
1341 1900 1598 1972 libidini
1636 1900 1890 1972 futura!
1939 1903 2167 1997 epulas
2208 1929 2359 1971 con-

228 2007 474 2079 sulibus
513 2025 580 2079 et
617 2010 898 2079 tribunis
937 2035 1072 2078 non
1116 2006 1576 2096 celebrandas,
1618 2008 1732 2079 sed
1769 2006 2232 2080 vindicandas!

327 2140 398 2212 9.
427 2119 769 2210 Praecipue
804 2141 965 2185 vero
996 2114 1293 2185 Catilinae
1333 2113 1538 2185 libido
1577 2115 1889 2203 scelesta3
1920 2141 2073 2185 nam
2111 2141 2357 2186 vesano

229 2247 452 2293 amore
483 2222 764 2293 Aureliae
793 2221 1118 2292 Orestillae
1156 2208 1538 2316 correptus⁶
1542 2277 1561 2310 ,
1604 2248 1808 2316 quum
1846 2249 2052 2333 ιιιιιιιιι
2086 2222 2359 2317 impedi-

230 2415 482 2468 violmet.
501 2414 633 2469 Vid.
647 2434 806 2488 supra
818 2455 833 2480 ‚
848 2428 904 2468 et
918 2415 1125 2487 Dionys
1145 2416 1244 2483 37·
1230 2454 1247 2479 ,

230 2495 403 2550 Senee.
424 2494 493 2548 ad
506 2496 678 2550 Lucil.
699 2515 785 2568 ep.
812 2498 915 2565 983
935 2495 1046 2549 Cic.
1066 2496 1176 2548 Att.
1196 2513 1219 2547 1
1232 2534 1246 2547 .

1332 2416 1534 2482 jectura
1557 2415 1814 2485 reposuit.
1844 2415 2045 2467 Omnes
2080 2433 2211 2467 vero
2237 2414 2364 2467 libri

1335 2494 1534 2547 habent
1550 2531 1565 2553 ‚
1594 2495 1796 2547 Metello
1814 2507 1862 2546 et
1890 2494 2105 2567 Seipc'oni
2125 2514 2245 2547 coss.
2272 2495 2366 2566 qui

310 2599 354 2629 1.
388 2576 632 2647 Erogaeoe
647 2587 774 2630 sunt.
795 2576 874 2629 Ut
891 2577 1148 2649 cujusque
1163 2576 1247 2648 ju·
1335 2593 1463 2628 vero
1491 2574 1548 2628 in
1578 2575 1722 2630 fastis
1745 2594 1854 2629 non
1878 2575 2234 2649 reperiuntur.
2263 2576 2363 2629 Pe·

230 2655 356 2710 dieis
382 2655 622 2711 studium
644 2657 894 2728 flagrabat
908 2695 925 2722 ,
948 2656 1022 2710 sic
1045 2658 1158 2728 ejus
1184 2657 1250 2709 li·
1336 2655 1570 2709 rizonius
1601 2675 1728 2726 ergo
1759 2656 1998 2728 conjicit,
2016 2656 2176 2710 Atilio
2197 2669 2243 2708 ee
2264 2656 2367 2709 Sci-

231 2736 396 2790 bidini
411 2737 821 2810 obtemperavit,
847 2750 910 2791 nt
927 2736 1042 2790 aliis
1062 2749 1252 2801 scorta,
1331 2740 1471 2806 pioni
1500 2756 1619 2790 coss.
1637 2775 1654 2802 ‚
1681 2736 1775 2809 qui
1801 2756 1943 2791 anno
1976 2740 2087 2800 644
2120 2737 2365 2790 consules

233 2818 342 2871 aliis
357 2817 639 2891 pecuniam
652 2820 910 2894 pra-‚beret
923 2856 941 2884 ‚
958 2814 1251 2871 dummodo
1338 2817 1504 2871 fuere.
1524 2850 1606 2862 --
1628 2817 1838 2871 Euboe-e.
1860 2816 2022 2884 Quod
2040 2817 2231 2872 summi
2255 2835 2367 2870 ma·

233 2899 325 2951 sibi
345 2898 609 2951 obnoxios
621 2896 893 2965 redderet,
918 2917 949 2950 a
965 2897 1156 2969 quibus
1169 2898 1256 2951 ab·

234 2980 548 3044 solveretur-3
562 2998 737 3050 neque
750 2979 1065 3051 sumptibus,
1083 2997 1254 3049 neque

235 3058 503 3113 modestia
524 3059 779 3130 pepercit.

309 3161 360 3194 a.
387 3142 539 3192 Paul
563 3151 690 3192 sune.
718 3139 856 3205 Quia
873 3176 891 3202 ‚
929 3137 1060 3191 dum
1096 3137 1254 3210 pudi-

235 3219 404 3272 citiam
450 3238 595 3273 suam
646 3220 1034 3291 prostituerunt
1051 3256 1068 3283 ,
1119 3219 1255 3271 fece·

236 3313 355 3353 runt
392 3313 454 3353 ut
499 3319 518 3370 J
528 3299 705 3353 udices
749 3301 1044 3371 pejerarent
1060 3340 1076 3363 ,
1122 3297 1258 3351 nihil

236 3398 286 3433 oe
310 3383 489 3452 gratim
513 3378 730 3433 daturos
757 3381 812 3432 in
836 3379 1040 3451 judicio
1062 3376 1256 3434 Clodii.

235 3459 315 3513 Sic
341 3463 486 3514 enim
501 3461 663 3532 jurati
688 3459 973 3513 sententias
993 3458 1256 3512 dicebant.

237 3572 310 3584 —
333 3543 645 3612 Religionem.
676 3542 710 3593 J
715 3540 975 3605 ustitiam,
1007 3558 1125 3610 quae
1151 3539 1260 3591 vio·

237 3621 328 3673 lari
342 3623 458 3675 sine
468 3622 693 3676 deorum
711 3631 1020 3690 contemptu
1038 3639 1145 3672 non
1169 3639 1259 3690 po-

240 3715 364 3768 test;
396 3723 488 3755 seu
517 3700 890 3774 jusjurandum
921 3697 1256 3752 servandum.

267 3825 270 3832 .
315 3782 367 3836 3.
404 3785 598 3836 Viator.
631 3782 876 3835 Minister
902 3780 1260 3844 tribunorum,

238 3862 323 3933 qui
372 3883 436 3916 ex
474 3863 611 3934 agris
649 3874 919 3914 senatores
957 3860 1011 3912 in
1059 3860 1260 3912 curiam

238 3944 400 3999 accire
408 3955 771 3998 consueverat.
786 3941 1056 3996 Gemellus
1075 3938 1141 3993 ad
1159 3959 1263 3992 ser-

239 4024 337 4076 vile
387 4024 628 4078 officium
674 4021 1014 4076 descenderat
1036 4059 1053 4087 ,
1105 4021 1258 4091 quale

241 4118 344 4156 erat
376 4105 655 4158 viatorum.
686 4106 747 4157 A.
776 4104 846 4157 U.
874 4121 1005 4173 701.
1037 4134 1113 4143 -—
1151 4102 1258 4153 Me-

243 4186 348 4237 tello
391 4185 619 4256 Scipiom.
653 4186 744 4250 ‚Ita
785 4184 999 4254 Pighius
1035 4202 1095 4235 ex
1132 4201 1257 4236 con-

1337 2897 1615 2966 gistratus,
1650 2898 1705 2950 in
1735 2899 1931 2970 quibus
1961 2897 2171 2970 imperii
2205 2901 2365 2968 maje-

1340 2990 1443 3031 stas
1464 2979 1917 3049 conspiciebatur,
1939 2978 2084 3031 omni
2105 2978 2365 3031 obscoeni-

1342 3059 1436 3112 tati
1465 3077 1520 3113 se
1545 3057 1833 3113 traderent.

1427 3146 1478 3200 ά.
1531 3139 1763 3192 Muciam.
1808 3139 2051 3192 Scaevolae
2103 3137 2264 3191 filiani
2316 3152 2370 3190 et

1345 3218 1586 3290 Pompeii
1626 3219 1702 3272 M.
1735 3238 1987 3284 uxorem,
2024 3237 2182 3289 quam
2218 3218 2368 3271 adul-
2424 3273 2432 3281 ,

1345 3313 1511 3350 teram
1549 3297 1866 3370 repudiavit.
1899 3298 2083 3351 Fulvia
2113 3299 2212 3352 fuit
2244 3297 2369 3352 Clo-

1343 3378 1422 3432 dii
1455 3383 1508 3431 'et
1531 3376 1727 3431 deinde
1754 3378 1974 3432 Antonii
2006 3399 2154 3436 uxor.

1429 3465 1458 3513 5
1466 3500 1477 3512 .
1490 3458 1988 3530 Probrosapatieneioe
1997 3480 2197 3531 corpora
2204 3459 2369 3511 ‚Hanc

1345 3539 1644 3597 lectionem,
1658 3559 1816 3610 quam
1832 3539 2050 3609 Pighius
2064 3541 2119 3592 in
2136 3538 2372 3608 margine
2434 3607 2438 3612 ,

1346 3632 1654 3684 notaverat,
1672 3633 1813 3672 recte
1834 3619 2053 3673 Colerus
2083 3620 2137 3671 in
2165 3631 2367 3672 textum

1347 3700 1546 3771 recepit
1575 3719 1675 3771 pro
1704 3701 2086 3753 nonnullorum
2108 3699 2369 3751 librorum

1340 3780 1575 3850 probrosa
1592 3784 1840 3851 sapientire
1860 3800 2059 3850 corpora
2076 3818 2093 3845 ‚
2119 3779 2199 3831 vel
2222 3777 2368 3849 quod

1348 3864 1496 3931 pejus
1523 3873 1626 3926 est,
1642 3861 1875 3931 probrosa
1890 3863 2133 3931 pmsapae'ae
2152 3879 2369 3930 corpora,

1347 3954 1439 3994 aut
1471 3945 1713 4013 prosapie&
1743 3961 1939 4009 corpora
1957 3980 1974 4005 ,
2019 3939 2208 3992 omissa
2243 3957 2371 3991 voce

1341 4021 1595 4093 probrosa.

1428 4107 1481 4155 6.
1506 4105 1684 4155 Amore
1703 4114 1958 4171 correptus.
1983 4099 2089 4151 Alii
2108 4110 2371 4169 corrcqtlus.

1349 4184 1503 4236 Male.
1526 4181 1656 4235 vid.
1690 4182 1857 4247 Vm,
1895 4201 1941 4234 ι.
1979 4182 2218 4233 Damnat.
2250 4181 2300 4232 8.
