3143 5204
767 453 864 540 48
1118 451 1569 520 VALERII
1634 451 2045 519 MAXIMI
2101 451 2290 517 LIB.
2345 451 2530 518 VII.

765 582 957 654 titulo
987 584 1261 653 feritatis
1289 582 1643 678 superavit.
1670 584 1842 651 Nam
1872 606 2017 677 quae
2041 579 2164 650 illis
2192 579 2410 650 dulcia
2436 582 2590 649 vitae
2620 581 2892 675 pignora

765 691 1037 787 proprio
1090 691 1324 785 spiritu
1380 690 1634 759 cariora
1687 703 1840 758 sunt
1858 742 1878 775 ,
1921 712 2001 757 ea
2052 687 2567 783 Calagurritanis
2622 687 2896 783 prandia

763 812 961 893 atque
1005 820 1208 866 coenae
1247 797 1655 867 exstiterunt.

1460 1014 1928 1104 CAPUT
1992 1014 2215 1100 VII.

1344 1221 1455 1286 De
1495 1222 1917 1287 testamentis
1955 1222 2256 1286 rescissis
2272 1216 2310 1284 ¹.

768 1405 786 1434 ι
800 1420 812 1433 .
836 1389 981 1435 Patris
1005 1389 1086 1449 qui
1112 1388 1258 1435 filium
1286 1388 1660 1436 exheredaverat.
1684 1415 1746 1423 —-
1769 1404 1816 1436 a.
1839 1389 1908 1435 Μ.
1932 1388 2099 1435 Anneii
2121 1388 2402 1435 Carseolani.
2426 1414 2488 1423 —
2511 1388 2559 1435 3.
2581 1387 2635 1435 C.
2658 1387 2819 1435 Tettii.
2840 1414 2904 1423 —

823 1477 872 1525 4.
891 1469 1107 1531 Septicia
1135 1469 1469 1516 Trachalorum
1488 1469 1663 1516 mati-is.
1687 1496 1750 1505 -
1772 1470 1817 1517 5.
1839 1470 2044 1516 Terentii
2064 1468 2321 1529 cujusdam.
2342 1495 2404 1504 —
2425 1467 2471 1515 6.
2505 1468 2718 1515 Nos-vimi
2741 1470 2904 1530 cujus-

824 1548 948 1595 dam.
970 1574 1034 1583 —
1058 1564 1102 1609 7.
1125 1548 1333 1595 Iuventii
1354 1548 1608 1609 cujusdam.
2072 1538 2093 1561 ⁸

871 1713 1204 1779 Vacemus
1240 1736 1419 1779 nunc
1451 1712 1755 1806 negotio,
1779 1709 1959 1805 quod
1995 1725 2295 1780 actorum
2327 1710 2611 1779 hominis
2642 1725 2710 1781 et
2745 1735 2909 1805 prae-

765 1819 975 1911 cipuae
1006 1843 1216 1904 curae,
1243 1832 1311 1886 et
1337 1816 1550 1886 ultimi
1586 1832 1684 1886 est
1711 1819 2029 1912 temporis
2057 1844 2071 1884 :
2111 1816 2729 1914 consideremusque
2756 1842 2907 1911 quae

766 1938 1160 2011 testamenta
1216 1939 1331 1992 aut
1385 1926 1659 1993 rescissa
1703 1939 1857 1993 sunt
1899 1922 2187 2018 legitime
2232 1923 2452 2007 facta3
2502 1937 2653 2010 aut,
2696 1949 2908 2017 quum

769 2032 1005 2100 merito
1042 2029 1323 2100 rescindi
1355 2045 1657 2125 possent,
1694 2045 1836 2100 rata
1875 2046 2304 2100 manserunt:
2343 2055 2572 2124 quaeve
2615 2030 2699 2099 ad
2743 2029 2908 2100 alios

766 2161 965 2231 quam
1010 2139 1123 2232 qui
1166 2137 1636 2231 exspectabant
1661 2191 1679 2225 ,
1714 2138 2039 2207 honorem
2063 2135 2082 2161 ²
2120 2137 2499 2207 hereditatis
2542 2136 2908 2207 transtule-

767 2258 941 2312 runt.

888 2375 942 2419 1.
990 2354 1208 2445 Atque
1243 2351 1368 2420 ista
1412 2365 1487 2419 ut
1526 2351 1793 2438 ordine,
1834 2376 1967 2445 quo
2004 2353 2358 2446 proposui,
2393 2373 2747 2444 exsequar,
2783 2351 2909 2417 mi·

767 2454 1015 2526 litantis
1062 2457 1401 2551 cujusdam
1463 2472 1654 2552 pater
1683 2444 1730 2545 ³,
1772 2482 1978 2550 quum
2025 2457 2108 2527 de
2151 2472 2366 2526 morte
2419 2456 2533 2525 filii
2585 2454 2824 2525 falsum
2871 2480 2910 2523 e

770 2564 1001 2633 castris
1042 2565 1349 2632 nuntium
1386 2565 1776 2660 accepisset,
1811 2562 1956 2634 aliis
1990 2564 2344 2634 heredibus
2381 2564 2640 2658 scriptis
2679 2561 2909 2633 deces-

774 2671 873 2739 sit.
920 2672 1210 2738 Peractis
1255 2670 1490 2738 deinde
1535 2670 1874 2766 stipendiis
1889 2659 1936 2760 ⁴,
1974 2670 2354 2741 adolescens
2397 2695 2698 2739 reversus
2720 2723 2739 2756 ,
2786 2669 2909 2739 do-

770 2799 953 2844 mum
985 2800 1210 2845 errore
1240 2777 1480 2871 patris,
1502 2777 2039 2872 impudentiaque
2062 2780 2431 2847 amicorum
2461 2777 2583 2846 sibi
2611 2775 2910 2845 clausam

768 2884 1031 2977 reperit.
1057 2882 1239 2970 Quid
1271 2885 1446 2952 enim
1479 2882 1602 2953 illis
1632 2883 2182 2954 inverecundius?
2206 2885 2437 2954 florem
2463 2885 2753 2978 juventae
2780 2908 2910 2977 pro

1887 3083 1955 3138 ad
1984 3086 2106 3138 fam.
2134 3087 2222 3150 11,
2258 3104 2301 3138 1.
2329 3086 2680 3146 —Beversus,
2714 3084 2912 3135 domum

1885 3185 2043 3217 error-e
2088 3170 2246 3235 patres
2263 3206 2274 3217 .
2296 3207 2308 3218 .
2327 3207 2340 3218 .
2396 3169 2582 3236 reperit.
2632 3165 2700 3216 In
2750 3163 2912 3217 MSS.

864 3103 887 3138 1
902 3125 915 3137 .
937 3086 1180 3136 Rescissis.
1202 3084 1319 3136 Hoc
1345 3098 1503 3156 caput
1521 3085 1801 3137 illustravit

777 3164 1137 3234 Schultingius
1180 3164 1553 3217 exercitatione
1601 3183 1695 3218 sua
1742 3165 1801 3216 de

781 3257 887 3298 test.
919 3249 1149 3309 rescissis,
1175 3262 1334 3315 quam
1360 3257 1553 3297 nosti-se
1577 3243 1800 3298 editioni

777 3325 1115 3378 inseruimus.

866 3424 893 3456 2
904 3445 916 3457 .
930 3405 1191 3456 Honorem.
1202 3403 1347 3457 Sicut
1359 3402 1696 3456 exheredatio
1706 3424 1800 3457 εω-

779 3485 900 3556 pius
927 3484 1277 3548 contumelia,
1306 3484 1640 3537 contumelias
1666 3483 1804 3537 ludi-

778 3564 958 3616 brium
1001 3565 1219 3634 injur-iau
1257 3564 1332 3616 sic
1361 3562 1625 3617 hereditas
1651 3565 1804 3616 honor

775 3645 1101 3697 nominatur.

866 3726 918 3777 3.
948 3725 1114 3776 Pater.
1135 3721 1264 3775 Vid.
1286 3723 1397 3776 Cic.
1414 3721 1480 3775 de
1501 3722 1598 3776 Or.
1623 3724 1677 3787 I,
1707 3725 1796 3776 38.

865 3811 917 3867 4.
935 3803 1213 3874 ὃίἰμεηάὶιζς.
1223 3803 1448 3874 Expleto
1461 3803 1662 3855 militiae
1675 3814 1802 3855 tem·

779 3901 912 3952 pore
937 3885 1003 3937 ab
1025 3902 1165 3936 anno
1195 3883 1359 3935 XVII
1376 3924 1391 3948 ‚
1412 3882 1478 3935 ad
1508 3883 1688 3935 XLVI
1713 3902 1800 3936 us·

780 3981 906 4033 que.
923 3996 1006 4006 —
1024 3964 1330 4017 Adolescens.
1361 3963 1535 4016 Etiam
1563 3974 1685 4034 post
1701 3982 1796 4016 an·

778 4061 909 4097 num
939 4044 1261 4115 trigesimum
1297 4043 1613 4096 adolescentes
1640 4062 1795 4095 vocs-

779 4134 860 4176 tos
892 4122 1120 4176 ostendit
1149 4124 1351 4176 Manat.
1385 4120 1451 4175 ad
1483 4123 1594 4175 Cic.
1625 4122 1791 4192 Epist.

1885 3256 1939 3297 et
1985 3243 2308 3298 editionibus
2343 3258 2472 3298 vett.
2516 3243 2736 3315 legitur.
2782 3245 2911 3296 ado·

1885 3325 2058 3376 lescens
2089 3324 2276 3376 domum
2303 3329 2430 3395 petit
2470 3315 2592 3392 (vel
2611 3321 2811 3394 petiit,)
2837 3345 2914 3376 er·-

1886 3423 1993 3455 rore
2023 3409 2181 3475 patris
2216 3406 2621 3476 imprudentiaque
2648 3408 2912 3456 amiam-mn

1883 3484 2072 3536 domum
2101 3486 2196 3537 sibi
2223 3487 2433 3537 clausam
2471 3489 2659 3556 reperit.
2696 3484 2911 3535 Domum

1884 3565 1941 3616 in
1965 3565 2212 3618 omnibus
2230 3567 2557 3637 geminatur,
2584 3563 2676 3617 sed
2706 3563 2762 3615 in
2792 3564 2914 3635 qui·

1885 3643 2106 3697 busdam
2124 3646 2317 3699 iterum
2331 3658 2450 3718 post
2461 3647 2588 3715 petit
2596 3644 2908 3697 collocatur.

1886 3724 2141 3778 Nonnulli
2173 3726 2485 3797 imprudentia
2499 3765 2514 3786 ,
2555 3722 2647 3776 sed
2686 3725 2911 3775 omniuo

1884 3805 2038 3858 male.
2057 3806 2403 3876 Impudentiam
2421 3804 2638 3877 respicit
2653 3802 2802 3875 quod
2825 3823 2911 3856 se-

1884 3887 2092 3954 quitur,
2111 3886 2233 3958 quid
2244 3889 2366 3937 enim
2392 3887 2489 3939 illis
2514 3884 2913 3937 inverecundius?

1885 3984 2091 4017 reversus
2134 3984 2394 4037 nusquam
2437 3976 2657 4037 apparet
2681 4003 2696 4030 ,
2744 3981 2911 4035 quare

1883 4044 2146 4098 Torrenio
2172 4057 2224 4098 et
2253 4046 2467 4122 Kappio
2495 4042 2814 4116 ejiciendum
2835 4044 2915 4098 vi·

1881 4122 2054 4178 detur.
