3143 5204
792 462 890 532 68
1133 454 1574 529 VALERII
1630 459 2039 527 MAXIMI
2098 461 2287 528 LIB.
2355 460 2578 530 VIII.

788 610 856 665 et
889 595 973 664 ab
1011 592 1137 663 hac
1166 593 1534 687 suspicione
1576 589 1809 687 procul
1851 605 2144 661 remotus
2165 646 2186 682 ,
2226 590 2524 681 invidiae,
2569 616 2714 687 quae
2758 608 2917 665 tunc

786 704 854 771 in
891 701 1177 770 duorum
1213 699 1494 769 fratrum
1519 697 1536 722 ¹
1571 697 1829 793 inclytis
1858 698 2363 794 cognominibus
2398 696 2780 791 habitabat,
2814 726 2917 770 re-

786 812 1013 879 sistere
1055 826 1193 877 non
1233 808 1469 901 potuit.
1511 804 1519 812 ’

896 961 959 1003 2.
999 930 1085 1002 At
1114 931 1403 1026 Scipioni
1432 928 1698 1024 quidem
1731 931 2053 999 maximus
2089 929 2372 1000 fortunae
2405 929 2663 1026 fulgor,
2690 935 2767 1002 C.
2800 957 2919 1002 au-

783 1056 918 1110 tem
957 1035 1298 1109 Deciano²
1338 1051 1646 1132 spectatae
1691 1037 1824 1105 inte
1872 1037 2079 1106 ritatis
2122 1040 2266 1107 viro
2309 1063 2440 1106 vox
2483 1063 2602 1107 sua
2642 1041 2922 1108 exitium

784 1146 1033 1232 attulit;
1056 1170 1212 1215 nam
1236 1168 1439 1239 quum
1459 1142 1528 1212 P.
1555 1144 1825 1212 Furium
1897 1144 2432 1238 inquinatissimae
2459 1147 2611 1215 vitae
2638 1172 2762 1240 pro
2791 1148 2925 1217 Ro-

784 1257 934 1325 stris
981 1265 1358 1335 accusaret,
1402 1252 1550 1346 quia
1602 1250 1943 1344 quadam
1926 1275 1992 1317 m
2034 1265 2221 1345 parte
2266 1252 2540 1321 actionis
2575 1252 2658 1321 de
2701 1269 2924 1323 morte

782 1365 857 1431 Ι.
896 1360 1238 1429 Saturnini
1273 1360 1460 1455 queri
1502 1382 1699 1426 ausus
1749 1357 2008 1426 fuerat:
2040 1384 2163 1428 nec
2206 1383 2392 1427 reum
2428 1358 2809 1447 damnavit,
2852 1375 2927 1429 et

780 1470 1050 1563 insuper
1092 1469 1152 1536 ei
1195 1490 1425 1562 poenas
1462 1463 1757 1534 addictas
1801 1451 2178 1559 pependit‘fl

891 1582 956 1661 3.
1002 1594 1147 1661 Sex.
1187 1615 1452 1685 quoque
1498 1590 1745 1657 Titium
1788 1587 2016 1658 similis
2067 1613 2255 1658 casus
2298 1576 2712 1685 prostravit⁵.
2754 1594 2929 1661 Erat

779 1698 1131 1786 innocens;
1158 1711 1302 1765 erat
1337 1696 1592 1790 agraria
1630 1694 1774 1790 lege
1811 1694 1945 1763 lata
1972 1697 2297 1789 gratiosus
2334 1698 2511 1792 apud
2540 1697 2921 1792 populum:

781 1822 1001 1875 tamen
1036 1806 1189 1899 quia
1227 1803 1563 1873 Saturnini
1591 1803 1947 1895 imaginem
1986 1802 2170 1871 domi
2205 1804 2528 1873 habuerat
2541 1804 2926 1900 ‚suffragiis

777 1937 926 1981 eum
973 1925 1115 1981 tota
1153 1911 1444 2005 cognitio
1485 1910 1831 2004 oppressit.

888 2036 955 2121 4.
986 2022 1351 2127 Adjiciatur
1377 2032 1481 2100 his
1507 2015 1844 2118 Claudia⁶,
1873 2056 2071 2126 quam
2105 2031 2432 2100 insontem
2462 2034 2769 2122 crimine,
2799 2059 2921 2103 vo-

780 2150 922 2211 turn
959 2142 1235 2236 impium
1283 2134 1609 2208 subvertit
1652 2166 1666 2207 :
1712 2138 1863 2232 quia
1888 2192 1907 2226 ‚
1950 2164 2155 2232 quum
2198 2162 2238 2206 a
2280 2137 2449 2209 ludis
2493 2140 2764 2209 domum
2806 2167 2924 2211 re-

778 2248 961 2318 diens
1004 2248 1197 2317 turba
1240 2238 1627 2334 elideretur,
1660 2259 2009 2340 optaverat
2041 2260 2116 2314 ut
2150 2244 2357 2314 frater
2400 2272 2557 2316 suus
2575 2244 2624 2335 ⁷,
2667 2250 2923 2317 mariti-

780 2366 1036 2425 marum
1068 2352 1309 2422 virium
1343 2367 1723 2422 nostrarum
1759 2353 2092 2447 praecipua
2125 2352 2419 2446 jactura,
2455 2355 2924 2442 revivisceret3

865 2577 915 2612 1.
959 2556 1206 2609 Fratrum.
1236 2544 1471 2606 Africani
1494 2564 1547 2604 et
1570 2551 1805 2606 Asiatici.
1894 2562 1971 2605 est
1990 2551 2232 2623 judicum
2257 2554 2544 2608 sententiis.

778 2672 858 2682 -—
892 2640 1143 2691 Resistet-e.
1191 2632 1294 2686 Sed
1333 2652 1401 2685 ne
1442 2634 1497 2685 in
1542 2647 1806 2684 carcerem
1976 2633 2029 2686 ⁵.
2071 2634 2362 2687 Prostram‘e.
2389 2637 2492 2688 An.
2525 2635 2596 2690 U.
2635 2633 2764 2689 655.
2801 2637 2920 2691 cie.

781 2718 1099 2778 duceretur,
1135 2713 1406 2766 Gracchus
1448 2711 1573 2765 trib.
1606 2713 1680 2783 pl.
1720 2712 1803 2764 in·

781 2797 1030 2852 tex-cessit.
1063 2791 1193 2846 Vid.
1220 2811 1368 2864 supr.

866 2897 917 2930 a.
938 2878 1169 2928 Deciano.
1193 2874 1295 2925 An.
1315 2873 1386 2924 U.
1416 2870 1548 2934 654.
1570 2871 1682 2925 Cic.
1703 2892 1804 2943 pro

779 2957 959 3011 Rabir.
980 2974 1041 3025 9·
1027 2994 1043 3019 ‚
1063 2967 1115 3006 et
1129 2954 1401 3025 Appianas
1420 2949 1488 3004 de
1507 2952 1641 3005 Bell.
1662 2953 1802 3006 civil.

780 3039 876 3091 lib.
901 3038 948 3088 I.
980 3035 1241 3087 Decianus
1269 3032 1412 3085 nulla
1442 3031 1645 3086 invidia
1662 3070 1678 3094 ,
1713 3032 1806 3086 sed

782 3136 962 3172 errore
980 3116 1202 3185 lingua,
1226 3113 1390 3165 factus
1413 3125 1491 3165 est
1509 3113 1719 3165 noxius.

865 3197 917 3250 3.
975 3195 1195 3249 Furium.
1242 3191 1366 3245 Sine
1405 3190 1571 3244 dubio
1613 3193 1807 3247 furoris

786 3276 1027 3330 Catilina
1056 3274 1275 3327 socium.
1322 3297 1393 3306 --
1441 3273 1609 3342 Queri.
1643 3274 1806 3338 Quasi

786 3357 1101 3412 Saturninus
1115 3353 1308 3424 injuria
1325 3371 1484 3405 caesus
1502 3367 1651 3406 esset.
1662 3355 1734 3418 Is,
1746 3367 1805 3407 ut

784 3437 1052 3493 consulem
1073 3435 1265 3487 faceret
1292 3431 1564 3485 Glauciam
1583 3468 1599 3493 ‚
1634 3432 1804 3486 Mem-

781 3521 982 3582 mium,
1014 3517 1187 3570 virum
1223 3515 1553 3566 consularem
1589 3525 1639 3566 et
1676 3534 1802 3567 con-

783 3600 981 3654 sulatus
1045 3591 1385 3649 candidatum
1450 3593 1800 3646 interfecerat.

783 3679 957 3746 Quam
982 3677 1053 3729 ob
1078 3692 1285 3729 causam
1311 3692 1443 3726 coss.
1475 3691 1539 3724 ex
1562 3673 1704 3726 SCto
1727 3694 1807 3725 ar-

783 3762 910 3813 mati
939 3777 1060 3810 eum
1088 3753 1391 3828 persequuti
1415 3765 1554 3805 sunt.
1582 3755 1701 3824 Ipse
1726 3753 1803 3806 la-

780 3840 998 3912 pidibus
1037 3838 1257 3890 obrutus
1297 3852 1311 3886 ε
1355 3833 1589 3887 Glauciae
1627 3834 1804 3886 cervix

764 3921 962 3973 fracta.

868 4007 922 4063 4.
949 3993 1195 4068 pependit.
1218 3993 1407 4046 Furius
1439 3991 1656 4064 quidem
1683 4013 1805 4064 pro-

784 4082 899 4153 prie
921 4097 1027 4130 nou
1060 4075 1367 4138 damnatus,
1400 4073 1491 4127 sed
1522 4085 1802 4145 antequam

786 4181 813 4213 a
838 4160 989 4232 plebe
1007 4155 1245 4209 damnari
1276 4167 1484 4226 posset,
1508 4152 1801 4223 discerptus

1891 2731 1991 2784 pro
2015 2713 2195 2766 Rabir.
2231 2714 2310 2766 Ex
2337 2715 2438 2768 hac
2458 2715 2701 2769 oratione
2727 2717 2927 2770 intelli-

1891 2793 2066 2862 gitur,
2087 2812 2198 2846 non
2223 2815 2254 2848 a
2280 2795 2536 2848 concione
2565 2797 2784 2868 populi,
2823 2797 2918 2850 sed

1892 2873 1958 2925 ab
1985 2874 2252 2944 equitibus
2274 2893 2411 2928 rom.
2433 2893 2595 2946 penes
2620 2895 2752 2947 quos
2769 2877 2922 2949 judi-

1891 2953 1969 3005 cia
1987 2966 2115 3006 tunc
2134 2956 2386 3026 temporis
2408 2965 2590 3023 erant,
2604 2951 2924 3011 damnatum

1891 3051 2001 3086 esse
2043 3033 2266 3087 Titium.
2317 3067 2398 3079 —
2453 3035 2716 3106 cognitio,
2779 3037 2924 3092 sicut

1890 3131 2034 3185 supr.
2080 3118 2281 3184 quoestc'o
2334 3128 2412 3168 est
2458 3116 2632 3188 ipsum
2671 3114 2919 3188 judicum

1889 3192 2187 3263 collegium.

1975 3276 2026 3324 6.
2064 3272 2292 3327 Claudia.
2319 3275 2420 3327 An.
2442 3276 2512 3329 U.
2549 3279 2680 3348 507.
2703 3277 2919 3345 Livius;

1892 3351 2060 3416 XIX,
2090 3352 2228 3408 Gell.
2261 3351 2333 3420 X,
2368 3360 2435 3422 63
2469 3356 2614 3411 Suet.
2645 3358 2824 3411 Tiber.
2862 3379 2917 3414 ².

1892 3392 2114 3485 Claudia
2158 3433 2341 3488 incesti
2383 3449 2655 3507 suspecta,
2690 3438 2921 3493 crimine

1891 3530 1944 3565 se
1975 3513 2314 3581 liberaverat,
2335 3536 2465 3568 zona
2496 3537 2587 3570 sua
2614 3537 2800 3571 navem
2818 3557 2836 3585 ‚
2855 3520 2916 3572 in

1890 3595 1994 3663 q'ua
2025 3593 2363 3647 simulacrum
2391 3599 2572 3650 matris
2592 3595 2752 3650 deum
2769 3613 2916 3667 erat,

1891 3672 2118 3728 trahens.
2150 3673 2306 3729 ovid.
2339 3676 2476 3731 Fast.
2503 3678 2600 3731 IV.
2633 3676 2736 3731 Sed
2757 3693 2916 3744 tunc,

1890 3753 1961 3805 ob
1984 3755 2308 3824 petulantem
2331 3756 2562 3828 linguam
2592 3770 2643 3810 et
2669 3758 2919 3830 improbe

1891 3831 2122 3902 dictum,
2146 3837 2312 3889 multa
2331 3836 2379 3888 ei
2399 3851 2475 3890 est
2492 3835 2916 3909 impositaXXV

1890 3913 2118 3967 millium
2144 3917 2316 3987 gravis
2339 3918 2470 3970 aeris.

1974 4014 2025 4064 7.
2061 3995 2242 4047 Frater
2266 4017 2393 4049 suus.
2429 4000 2509 4050 De
2535 4013 2642 4068 quo
2670 4000 2911 4071 s'upr.1,

1896 4080 1954 4139 4,
1989 4073 2239 4140 33vn'1,
2281 4094 2303 4127 ι
2326 4067 2739 4141 ,,4ΥἰᾶΗΡΊῑιι
2781 4079 2911 4146 ΧΥ,

1901 4154 2434 4220 1;Cic.‚1deDiv.
