3143 5204
610 427 819 495 CAP.
876 426 1002 509 11,
1058 426 1192 492 DE
1249 426 2026 494 eRUDELl'rATE.
2253 427 2377 499 151

273 574 402 643 ret,
436 558 746 650 frequens
768 557 1116 650 juventute
1147 556 1557 649 gymnasium
1584 554 1600 580 ¹
1632 558 1829 625 armis
1856 572 1922 626 et
1949 561 2086 652 igni
2114 562 2390 630 circum-

268 665 484 749 dedit,
524 687 921 757 omnesque‚
966 664 1078 756 qui
1124 663 1190 728 in
1226 687 1306 730 eo
1350 675 1571 747 erant,
1624 665 1862 757 partim
1900 664 2115 751 ferro,
2153 672 2389 762 partim

268 770 535 837 flamma
569 770 847 839 necavit.

370 890 439 962 6.
488 893 720 962 Ochus
769 906 1028 976 autem,
1082 893 1194 984 qui
1248 905 1476 984 postea
1530 892 1774 959 Darius
1814 889 2213 987 'appellatus
2256 911 2394 979 est,

266 1000 675 1069 sanctissimo
702 1000 915 1067 Persis
935 996 1366 1091 jurejurando
1394 998 1779 1086 obstrictus,
1807 1024 1890 1067 ne
1913 1024 2107 1092 quem
2135 1024 2208 1067 ex
2245 1026 2393 1069 con·

259 1105 624 1196 juratione,
670 1130 815 1198 quae
863 1118 1112 1197 septem
1165 1105 1402 1197 Magos
1461 1128 1613 1172 cum
1656 1129 1735 1172 eo
1778 1120 2234 1199 oppresserat,
2279 1122 2392 1176 aut

265 1234 561 1299 veneno,
614 1225 729 1279 aut
764 1210 977 1297 ferro,
1020 1224 1135 1278 aut
1177 1207 1310 1278 ulla
1351 1211 1456 1295 vi,
1510 1224 1626 1278 aut
1662 1211 1885 1304 inopia
1926 1210 2387 1282 alimentorum

266 1331 570 1404 necaret,
624 1316 1060 1385 crudeliorem
1107 1317 1334 1385 mortis
1391 1313 1715 1384 rationem
1771 1319 2167 1412 excogitavit
2189 1371 2208 1404 ‚
2261 1344 2390 1412 qua

264 1447 579 1492 onerosos
639 1423 765 1492 sibi
827 1448 961 1491 non
1025 1437 1345 1517 perrupto
1401 1420 1734 1517 religionis
1788 1423 2053 1493 vinculo
2110 1422 2387 1493 tolleret.

262 1531 537 1624 Septum
594 1531 767 1599 enim
834 1528 978 1598 altis
1028 1529 1388 1623 parietibus
1441 1527 1660 1598 locum
1717 1530 1938 1598 cinere
1994 1529 2388 1625 complevit,

263 1622 775 1731 suppositoque³
817 1637 1001 1730 tigno
1046 1636 1458 1729 prominente
1481 1690 1498 1722 ,
1536 1635 1819 1731 henigne
1848 1636 1996 1705 cibo
2027 1652 2092 1705 et
2122 1640 2389 1731 potione

263 1756 572 1836 exceptos
608 1745 674 1810 in
714 1767 792 1810 eo
830 1740 1234 1829 collocabat;
1280 1767 1317 1810 e
1350 1766 1517 1835 quo,
1562 1766 1795 1811 somno
1835 1744 2068 1836 sopiti,
2113 1745 2177 1811 in
2212 1742 2385 1811 illam

261 1849 641 1917 insidiosam
686 1850 1062 1945 congeriem
1109 1847 1516 1916 decidebant.

370 1997 436 2066 7.
495 1975 801 2067 Apertior
845 1987 912 2039 et
953 1973 1182 2040 tetrior
1224 1970 1489 2040 alterius
1534 1972 1707 2041 Ochi
1751 1975 2145 2066 cognomine
2185 1975 2387 2042 Arta-

265 2081 472 2148 xerxis
526 2077 875 2148 crudelitas
892 2066 938 2164 ⁴,
993 2080 1105 2172 qui
1148 2078 1406 2146 Ocham
1452 2103 1785 2163 sororem,
1842 2093 2036 2172 atque
2088 2080 2382 2148 eamdem

265 2210 522 2253 socrum
547 2239 565 2271 ‚
603 2188 822 2252 vivam
859 2186 1072 2279 capite
1125 2182 1408 2270 defodit,
1453 2199 1518 2252 et
1568 2198 1879 2278 patruum
1930 2210 2078 2254 eum
2121 2200 2383 2254 centum

264 2289 540 2385 amplius
577 2291 723 2360 filiis
768 2316 843 2359 ac
876 2290 1223 2385 nepotibus
1260 2314 1469 2360 vacua
1506 2314 1657 2358 area
1697 2290 2075 2359 destitutum
2098 2344 2117 2376 ,
2151 2290 2385 2383 jacuiis

265 2397 569 2484 confixit3
598 2396 776 2465 nulla
805 2396 1039 2490 injuria
1067 2394 1431 2481 lacessitus,
1456 2396 1569 2465 sed
1598 2397 1774 2490 quod
1808 2398 1875 2464 in
1905 2397 2009 2465 his
2033 2399 2382 2466 maximam

263 2503 434 2596 apud
478 2506 708 2573 Persas
760 2504 1106 2598 probitatis
1162 2518 1228 2571 et
1270 2503 1669 2572 fortitudinis
1722 2500 1980 2571 laudem
2027 2504 2382 2572 consistere

259 2610 541 2680 videbam

1362 2828 1451 2861 eos
1474 2811 1856 2881 comprehenso
1872 2849 1886 2877 ‚
1907 2823 2111 2863 tantum
2131 2812 2241 2863 VH
2266 2813 2378 2864 fue·

1359 2889 1499 2942 rint:
1528 2901 1709 2942 monet
1721 2892 2051 2960 Rutgersius,
2074 2892 2129 2943 in
2157 2892 2379 2962 scripto·

343 2828 394 2863 ῐ.
424 2809 758 2881 Gymnasium.
791 2811 889 2862 Die
910 2808 1161 2862 ludorum
1191 2812 1273 2879 ju·

259 2905 414 2942 venes
464 2891 522 2942 in
582 2889 912 2961 gymnasium
970 2890 1275 2959 frequenter

258 2981 614 3022 convenerant
630 3010 644 3037 ,
670 2981 728 3022 ut
748 2968 816 3022 de
843 2988 988 3022 more
1017 2969 1168 3020 illum
1196 2986 1277 3021 ce-

259 3049 539 3101 lebni-ent.

338 3148 392 3182 2.
435 3129 724 3199 Appellatus
753 3140 838 3181 ese.
867 3126 993 3180 Vid.
1029 3121 1190 3181 Ovid.
1219 3129 1274 3180 in

257 3207 500 3272 Ibide,v.
534 3210 663 3277 317,
691 3208 971 3271 votvm,
995 3227 1050 3278 p.
1075 3207 1143 3260 23
1176 3226 1272 3258 no-

257 3301 373 3340 strae
382 3286 1100 3356 Editionis.—-Septem.Duos
1117 3286 1274 3339 fuisse

257 3385 435 3439 magos
455 3366 697 3438 prodidit
723 3366 981 3419 Herodot.
1010 3367 1270 3420 Ammiani.

259 3447 475 3512 xxm,
506 3449 577 3501 23
593 3484 610 3511 ‚
633 3447 852 3498 omnino
876 3458 1074 3517 septem
1094 3465 1274 3499 nume·

257 3540 367 3592 rat,
398 3530 549 3599 cujus
577 3540 750 3579 tamen
782 3526 1063 3579 auctoritas
1092 3527 1275 3597 exigua

259 3618 349 3659 est.
383 3607 690 3678 Rntgersins
721 3624 828 3659 var.
862 3606 981 3658 lect.
1015 3606 1075 3670 1,
1104 3607 1135 3658 8
1156 3644 1171 3668 ‚
1201 3626 1274 3656 se·

253 3699 377 3753 ptem
417 3685 485 3738 ad
527 3688 824 3757 conjuratos
867 3686 1061 3750 refert,
1092 3698 1143 3737 et
1168 3685 1270 3755 legi

257 3767 404 3833 jubet
435 3783 450 3818 ε
496 3786 557 3817 ex
591 3769 913 3836 conjuratione
945 3776 1116 3834 septem
1153 3755 1273 3835 (ge-

259 3844 400 3908 nit.),
431 3865 564 3918 quae,
585 3859 683 3898 etc.
709 3845 789 3897 Ne
812 3863 970 3915 quem
993 3856 1164 3897 autem
1191 3844 1272 3895 of·

262 3924 438 3978 fendat
453 3963 470 3990 ‚
490 3923 636 3996 quod
655 3926 900 3978 ‘Valerius
924 3936 1123 3995 septem
1150 3941 1271 3976 cum

263 4004 421 4056 Dario
461 4006 759 4075 conjurasse
792 4005 865 4057 sic
905 4002 1077 4068 dicat,
1109 4021 1271 4073 quum

264 4084 317 4134 in
354 4085 690 4149 universum,
732 4085 894 4136 Dario
936 4086 1091 4136 etium
1135 4084 1273 4135 inter

1360 2968 1506 3022 ribus
1527 2969 1756 3040 antiquis
1780 2988 1890 3022 non
1913 2988 2111 3022 novum
2133 2989 2267 3037 esse,
2288 2984 2378 3036 ut,

1362 3050 1568 3119 quoties
1606 3048 1837 3102 sodalitii
1871 3048 2139 3119 eujusdam
2181 3052 2379 3104 mentio

1361 3129 1478 3190 fiat,
1510 3129 1606 3180 etsi
1641 3148 1806 3181 unum
1839 3129 2163 3182 nominando
2192 3149 2312 3183 eum
2351 3151 2380 3184 e

1361 3208 1688 3277 reliquorum
1712 3226 1937 3260 numero
1963 3211 2277 3280 excerpsisse
2306 3212 2383 3262 vi-

1361 3284 1609 3350 deantur,
1646 3300 1825 3356 postea
1868 3301 2043 3340 tamen
2073 3290 2377 3342 universum

1362 3367 1602 3417 omnium
1615 3383 1895 3418 numerum
1912 3367 1982 3418 ita
1995 3371 2375 3440 ponant‚quasi

1363 3446 1436 3512 is,
1458 3464 1617 3517 quem
1642 3459 1985 3516 exceperant,
2011 3448 2057 3498 ei
2085 3449 2372 3500 etiamnum

1363 3524 1741 3578 includeretur.

1444 3606 1496 3658 3.
1527 3605 1888 3676 Suppositoque.
1908 3606 2037 3658 Alii:
2060 3612 2368 3676 superposito.

1442 3691 1494 3748 4.
1524 3683 1808 3736 Crudelitas.
1828 3685 2018 3737 Euseb.
2038 3685 2222 3738 chron.
2247 3688 2372 3740 XII.

1358 3764 1657 3817 —Socrum
1671 3764 1809 3828 Quia
1822 3763 2071 3816 nimirum
2086 3767 2197 3834 ejus
2210 3766 2374 3819 filiam

1359 3842 1578 3896 duxerat
1591 3862 1807 3896 uxorem
1817 3883 1828 3895 .
1839 3875 1919 3885 —
1933 3844 2223 3895 Destitaectum
2232 3885 2243 3896 .
2256 3848 2375 3898 Col·

1359 3923 1589 3976 locatum
1602 3961 1618 3986 ‚
1643 3921 1891 3975 defixum.
1915 3923 1999 3975 Sic
2014 3923 2197 3976 Livius
2216 3926 2372 3977 etiam

1359 4003 1620 4074 loquitur,
1648 4016 1700 4055 et
1722 4003 1889 4056 plaut.
1910 4001 2049 4054 Rud.
2069 4004 2170 4069 111,
2196 4005 2245 4065 5,
2280 4006 2369 4067 43.

1362 4082 1486 4135 vid.
1508 4081 1576 4135 de
1592 4084 1690 4136 hac
1712 4081 1930 4153 propria
1949 4083 2096 4134 verbi
2125 4084 2377 4136 destituere

1937 4177 2062 4256 ΙΟ1
