3143 5204
510 516 697 584 CAP.
753 514 887 597 XI,
937 514 1060 581 DE
1115 512 1359 579 IMPR.
1418 510 1652 578 DICT.
1709 510 1823 576 ΕΤ
1874 509 2118 577 FACT.
2240 503 2378 578 185

264 663 482 741 strage
521 646 828 715 foedatam
849 698 869 732 ,
912 642 1261 713 Alliensem
1297 641 1469 711 diem
1491 694 1513 727 ,
1548 654 1616 708 et
1655 665 2002 735 oppressos
2038 641 2105 708 in
2148 642 2382 734 Hispa-

263 756 373 822 nia
404 754 780 846 Scipiones,
814 752 1265 827 Trasimenum
1310 745 1562 830 lacum,
1604 760 1670 815 et
1702 749 2002 833 Cannas,
2028 744 2382 815 bellorum-

263 885 396 953 que
439 857 732 928 civilium
780 856 1145 926 domestico
1181 855 1496 948 sanguine
1533 850 1907 921 madentem
1949 852 2342 921 AEmathiam
2365 904 2386 937 ,

266 964 639 1034 amentibus
683 963 1035 1057 propositis
1069 961 1310 1030 furoris
1359 960 1453 1027 tui
1493 971 1962 1053 repraesentare
2014 972 2080 1026 et
2124 959 2389 1026 vincere

269 1070 572 1158 voluisti3
625 1070 741 1140 sed
793 1067 1145 1163 vigilarunt
1193 1062 1366 1136 oculi
1416 1064 1741 1150 deorum3
1790 1062 2036 1132 sidera
2089 1066 2381 1158 vigorem

270 1203 467 1246 suum
504 1177 979 1262 obtinuerunt3
1037 1170 1203 1243 arae²
1223 1168 1699 1265 ,pulvinaria,
1740 1168 2022 1264 templa,
2047 1171 2390 1299 3praesenti

272 1284 545 1352 numine
579 1279 819 1351 vallata
852 1295 1043 1367 sunt3
1083 1226 1409 1372 nihilque,
1438 1276 1619 1372 quod
1656 1300 1780 1370 pro
1810 1276 2025 1370 capite
2047 1260 2392 1372 ³Augusti,

273 1414 353 1459 ac
392 1390 606 1483 patria
648 1388 973 1459 excubare
1007 1334 1273 1471 debuit,
1315 1397 1650 1477 torporem
1688 1381 1812 1451 sibi
1850 1382 2185 1519 permisit.
2223 1396 2292 1449 et
2325 1381 2391 1449 in

275 1496 506 1590 primis
547 1510 780 1564 auctor
814 1519 893 1564 ac
938 1489 1144 1562 tutela
1185 1505 1426 1560 nostrae
1468 1475 1976 1559 incolumitatis⁴
1992 1541 2012 1575 ,
2054 1512 2138 1557 ne
2175 1484 2394 1558 excel-

278 1737 458 1778 linei-i
459 1736 666 1777 nundin
708 1736 1000 1791 inqu-Veien
972 1737 1106 1776 ntibus
1126 1737 1230 1774 arvis

334 1808 527 1847 Temut-
503 1822 568 1846 nm
590 1807 698 1847 Fabii
719 1817 779 1846 ter
794 1807 925 1847 mid·
903 1820 968 1845 ere
993 1807 1071 1845 duo

286 1878 529 1918 unam-⁸
548 1879 648 1918 vim
666 1888 746 1917 eto
747 1892 822 1917 nus
839 1887 1104 1931 setnnsceprat
1080 1876 1217 1920 urbis.

337 1950 507 1989 Sum-nt
524 1949 686 2001 gentilos
702 1963 806 1990 arma
822 1949 992 2003 pmtm·
1007 1962 1220 1987 mnus-...-

286 2019 383 2056 Nam
402 2034 502 2071 puer
524 2019 722 2071 impubes,
743 2031 781 2059 et
800 2019 928 2058 adhue
945 2032 1024 2058 non
1038 2017 1143 2057 utilis
1161 2018 1277 2056 armis
1295 2051 1306 2068 ,

341 2088 457 2127 Unus
477 2089 526 2128 dc
546 2089 665 2127 rabi·
688 2101 802 2141 gente
824 2089 982 2129 relictus
1008 2099 1110 2129 erat:

286 2158 448 2198 Scilicet
463 2169 508 2197 nt
523 2172 655 2211 posses
672 2160 765 2197 olim
784 2170 826 2199 tn
844 2188 857 2207 ,
874 2162 1039 2201 ”nime
1053 2190 1065 2208 ,
1084 2163 1213 2208 πυός

341 2230 418 2267 Cui
435 2244 497 2269 res
514 2231 731 2270 cunctando
750 2234 990 2270 restituenda
1007 2232 1123 2271 soret.

288 2327 468 2395 Strage
480 2327 736 2393 sedatam.
756 2329 836 2381 Ita
852 2342 993 2383 recte
1016 2330 1308 2385 Torrenius

288 2407 537 2459 restituit.
570 2407 719 2477 Pigh.
754 2421 807 2461 et
835 2409 1009 2464 Coler.
1032 2408 1310 2464 ediderant

284 2500 498 2555 stragem
526 2488 750 2553 soedam,·
793 2488 885 2542 sed
924 2502 1106 2543 contra
1150 2489 1306 2545 codd.

286 2568 383 2639 qui
406 2567 644 2638 plerique
664 2568 860 2624 habent
880 2582 1041 2641 strage
1052 2571 1306 2638 soedatum,

290 2650 365 2701 ita
399 2659 459 2699 ut
470 2649 711 2714 soedatum
748 2649 816 2703 ad
851 2649 993 2704 diem
1026 2653 1312 2706 Alliensem

290 2729 567 2806 reseratur.
604 2729 725 2782 Non
769 2732 969 2784 melius.
1008 2733 1139 2796 Quis
1170 2734 1311 2786 enim

291 2806 476 2861 credat
504 2808 774 2884 Valerium
813 2812 1074 2881 ignorasse
1111 2813 1313 2866 Allien·

293 2908 404 2941 sem
435 2886 610 2954 diem,
637 2902 743 2942 tam
772 2891 1047 2949 celebrem,
1067 2905 1125 2945 ut
1139 2893 1314 2946 existi-

295 2981 464 3020 maret
470 2968 579 3021 illic
587 2967 834 3023 cecidisse
842 2982 1014 3024 trecen
1020 2973 1314 3026 tosFabios?

298 3049 518 3101 Prostat
554 3049 717 3119 igitur
748 3051 949 3120 legere,
973 3064 1134 3122 strage
1149 3053 1315 3124 serdu-

300 3141 424 3190 ται,
468 3141 523 3181 et
551 3130 746 3183 referre
778 3129 845 3183 ad
885 3132 1069 3196 urbem,
1110 3145 1169 3186 ut
1198 3152 1317 3204 quae

297 3207 493 3262 foedata
529 3209 595 3261 sit
621 3221 789 3281 strage
823 3210 1137 3280 Fabiorum,
1171 3212 1319 3285 quod

299 3289 459 3340 etiam
502 3286 721 3341 suadere
757 3288 966 3343 videtur
1002 3294 1192 3364 copula
1235 3307 1315 3357 et,

299 3387 404 3438 qua
415 3368 608 3420 Noster
626 3367 755 3422 duas
773 3389 979 3441 semper
998 3370 1169 3425 clades
1191 3393 1319 3427 con-

297 3448 507 3518 junxit3
546 3448 703 3500 urbem
744 3462 933 3520 captam
973 3463 1022 3502 et
1058 3451 1321 3506 Fabiorum

300 3528 479 3580 coedem
494 3548 515 3589 ,·
551 3529 810 3581 Alliensem
837 3531 960 3581 diem
997 3544 1046 3582 et
1080 3531 1322 3602 Scipiones

303 3628 548 3678 oppressos
655 3641 736 3651 -·
753 3610 1031 3664 Alliensem.
1055 3612 1322 3680 Nefastum

304 3687 480 3754 diem,
508 3690 871 3758 qnoRomani
900 3690 1043 3762 apud
1076 3691 1266 3745 Alliam
1293 3713 1322 3747 a

307 3768 474 3821 Gallis
506 3768 588 3821 bis
619 3770 736 3822 caesi
768 3771 1034 3843 fugatique
1070 3784 1212 3825 sunt.
1245 3805 1323 3816 -—-

317 3851 658 3903 Tmsimenmn.
692 3851 800 3903 Ubi
826 3853 1133 3906 temerarius
1160 3865 1212 3904 et
1243 3852 1324 3904 in·

307 3941 490 3983 cautus
516 3930 803 3983 Flaminius
830 3933 896 3984 ab
921 3933 1215 3986 Hannibale
1235 3951 1328 3986 οω-

309 4029 413 4062 sus.
454 4043 535 4052 -
570 4012 888 4065 AEmatlniam.
922 4014 984 4065 In
1016 4012 1329 4066 Macedonia

311 4089 450 4141 enim
466 4091 701 4161 primum
718 4091 771 4143 in
787 4092 1088 4162 pharsalicis
1096 4093 1294 4164 campis
1305 4129 1322 4155 ‚

313 4167 506 4222 deinde
524 4169 578 4223 in
595 4170 912 4242 philippicis,
922 4173 1182 4228 bellorum
1197 4172 1325 4242 civi·

1379 1698 1511 1751 lium
1538 1697 1768 1769 procella
1792 1695 2049 1751 detonuit.
2076 1697 2163 1750 Sic
2188 1695 2403 1768 Pighius

1381 1797 1445 1832 ex
1466 1777 1694 1833 Winch.
1724 1778 2015 1849 rescripsit,
2037 1795 2193 1849 quem
2209 1774 2402 1830 deinde

1384 1858 1472 1910 alii
1482 1857 1692 1928 sequuti
1708 1870 1846 1910 sunt.
1858 1857 2057 1910 Mirum
2073 1870 2247 1911 autem
2257 1857 2402 1927 Kap-

1384 1936 1476 2008 pio
1531 1936 1743 1990 videtur
1759 1977 1775 2002 ,
1808 1937 1911 1990 hoc
1947 1935 2108 1990 modo
2131 1936 2403 1989 Valerium

1387 2015 1454 2070 de
1483 2015 1625 2070 caede
1664 2016 1901 2070 Mariana
1939 2030 1993 2070 et
2023 2016 2238 2069 Sullana
2272 2015 2407 2068 nihil

1389 2095 1583 2150 dicere.
1634 2098 1811 2162 Quare
1851 2115 2040 2167 parum
2085 2097 2232 2149 abest
2275 2095 2406 2165 quin

1389 2195 1509 2230 cum
1533 2176 1795 2228 Torrenio
1811 2211 1828 2239 ‚
1861 2176 1946 2228 cui
1972 2175 2128 2228 lectio
2157 2174 2409 2245 Pighiana

1390 2255 1551 2308 nimis
1581 2255 1786 2327 poetica
1815 2255 1898 2306 vel
1923 2255 2137 2326 antiqua
2161 2252 2374 2306 videtur
2390 2291 2408 2317 ,

1391 2335 1682 2407 praetulerit
1701 2335 1979 2387 lectionem
2007 2332 2300 2386 editionum
2328 2333 2412 2385 Pi-

1394 2415 1518 2485 ghio
1561 2415 1804 2486 priorum
1838 2427 1889 2466 et
1930 2414 2218 2466 multorum
2260 2412 2412 2466 MSS.

1396 2506 1640 2545 manantes
1659 2496 1852 2562 sutores
1864 2515 1885 2556 ‚·
1914 2492 1985 2546 ita
2015 2495 2277 2560 utsurores
2303 2511 2414 2544 me-

1396 2576 1664 2646 tonymice
1675 2594 1775 2647 pro
1788 2573 1998 2627 furiosis
2014 2574 2414 2644 auctoribuspo·

1395 2656 1586 2721 suerit,
1615 2667 1668 2708 et
1693 2655 2008 2707 intellexerit
2036 2665 2274 2706 auctores
2299 2653 2412 2705 bel-

1395 2736 1573 2788 lorum
1619 2735 1855 2788 civilium
1899 2734 2079 2787 furore
2115 2734 2415 2798 instinctos,

1396 2834 1530 2886 quos
1548 2815 1746 2867 amenti
1765 2819 1819 2868 et
1839 2815 2036 2885 majore
2058 2814 2214 2866 etiam
2235 2814 2416 2866 sumre

1397 2895 1602 2966 percito
1622 2895 1806 2966 Sejano
1832 2905 2082 2965 opponat.
2102 2893 2250 2966 Soepe
2273 2892 2416 2945 enim

1399 2974 1541 3046 apud
1576 2976 1830 3028 Nostrum
1865 2972 2112 3044 adjuncta
2146 2992 2247 3046 pro
2290 2973 2414 3026 sub-

1396 3055 1546 3125 jectis
1560 3068 1855 3125 ponuntur,
1873 3053 1955 3105 vel
1976 3054 2076 3107 hoc
2090 3054 2206 3123 ipso
2229 3054 2416 3124 capite,

1401 3146 1501 3187 ext.
1535 3154 1588 3200 a,
1612 3137 1907 3204 pertinacior
1929 3137 2160 3204 isnpietas,
2188 3152 2289 3205 pro
2315 3134 2412 3186 bo-

1402 3213 1545 3267 mine
1568 3214 1890 3284 pertinacius
1914 3213 2099 3283 impio.

1489 3311 1532 3345 1.
1566 3293 1754 3346 Sidem.
1780 3293 1904 3345 Scil.
1929 3294 1962 3344 J
1968 3292 2039 3345 ul.
2060 3293 2277 3345 Caesaris
2291 3311 2306 3356 ;
2327 3304 2421 3346 aut

1405 3374 1476 3425 ita
1499 3370 1677 3424 dicere
1697 3383 1928 3444 poterat,
1954 3369 2098 3442 quod
2121 3371 2420 3424 futurorum

1406 3472 1470 3506 ex
1501 3451 1652 3505 astris
1681 3469 1940 3523 presagus
1968 3449 2129 3503 fuerit
2157 3451 2421 3504 Tiberius.

1492 3551 1542 3585 a.
1566 3533 1708 3585 Aroe.
1728 3531 1770 3585 1.
1797 3549 1842 3584 e.
1866 3542 2053 3583 cuncta
2067 3531 2284 3583 numina
2299 3543 2425 3583 tunc

1409 3630 1509 3684 pro
1537 3611 1875 3682 imperatoria
1912 3610 2077 3664 salute
2108 3610 2426 3681 vigilarunt,

1409 3705 1462 3745 et
1484 3692 1728 3763 inprimis
1741 3690 1970 3762 Jupiter.

1493 3772 1545 3825 3.
1579 3773 1808 3841 Augusti.
1840 3770 1962 3823 Non
1990 3768 2269 3827 Octaviani
2287 3786 2304 3835 ;
2335 3768 2427 3822 sed

1412 3850 1480 3906 ad
1505 3853 1679 3922 ipsum
1694 3850 1970 3904 Tiberium
1989 3867 2185 3902 nomen
2211 3849 2430 3903 camis

1414 3946 1466 3985 et
1497 3932 1718 4001 Augusti
1742 3931 2048 3984 translatum
2075 3941 2204 3981 erat.

1496 4018 1549 4075 4.
1570 4011 1932 4063 Incolumitatis.
1950 4007 2171 4062 Addunt
2186 4009 2429 4060 nonnulli

1414 4094 1634 4161 Jupiter,
1667 4089 1813 4162 quod
1842 4110 1871 4144 a
1900 4090 2063 4142 sciolo
2094 4087 2311 4158 Pighius
2335 4107 2427 4158 np-

1414 4171 1643 4242 positum
1676 4183 1867 4225 censet.
1892 4171 2014 4224 Non
2041 4168 2183 4222 enim
2214 4169 2431 4232 Iovem,
