3143 5204
1270 330 1305 345 Α

779 481 993 550 CAP.
1052 480 1201 566 IX,
1256 479 1394 547 DE
1446 479 1899 551 ERRORE.
2254 481 2392 578 175

274 628 419 701 set3
454 638 666 708 eoque
701 638 926 683 errore
964 610 1314 708 propulsus
1349 627 1488 697 est,
1530 627 1608 681 ut
1641 629 1843 707 caput
1877 613 2091 683 Helvii
2126 616 2398 709 perinde

272 735 473 815 atque
506 716 794 791 Cornelii
832 721 1007 790 circa
1049 744 1282 837 rogum
1315 721 1625 806 CaesariS,
1666 720 1870 789 fixum
1899 720 2123 814 jaculo
2160 721 2393 794 ferret:

273 828 476 898 officii
514 825 674 910 sui¹,
714 825 905 895 alieni
941 827 1183 894 erroris
1223 824 1553 920 piaculum
1590 826 1975 896 miserabile.

2219 900 2262 954 ⁸21

386 963 670 1031 2.Nam
720 961 796 1033 C.
832 959 1131 1029 Cassium
1174 982 1360 1027 error
1401 981 1443 1026 a
1483 960 1833 1089 semetipso
1879 984 2107 1054 poenas
2139 962 2398 1056 exigere

234 1116 248 1132 x
274 1064 565 1161 coegit²,
544 1068 753 1135 ·inter
775 1064 959 1133 illum
985 1067 1157 1132 enim
1190 1089 1428 1158 pugnae
1454 1050 1774 1158 quatuor³
1796 1068 2201 1136 exercituum
2223 1068 2399 1162 apud

272 1171 615 1267 Philippos
667 1173 966 1258 varium,
1018 1172 1306 1265 ipsisque
1357 1170 1635 1241 dueibus
1694 1172 1991 1264 ignotum
2047 1188 2398 1261 eventum,

275 1283 515 1347 missus
570 1278 655 1346 ab
707 1303 788 1346 eo
834 1224 1117 1346 Titinius
1169 1279 1468 1346 centurio
1534 1292 1862 1345 nocturno
1922 1293 2260 1372 tempore,
2327 1294 2404 1348 ut

274 1383 764 1479 specularetur,
804 1407 1094 1477 quonam
1126 1383 1193 1450 in
1226 1397 1398 1451 statu
1441 1408 1542 1451 res
1586 1385 1682 1452 M.
1713 1386 1894 1452 Bruti
1934 1400 2147 1453 essent
2171 1439 2190 1472 ,
2242 1386 2402 1455 dum

275 1490 548 1559 crebros
594 1514 894 1559 excessus
939 1492 1060 1558 viae
1096 1491 1292 1583 petit,
1338 1490 1491 1582 quia
1536 1490 2442 1580 tenebrarum,obscuritas,'

274 1596 587 1666 hostesne
636 1621 722 1664 an
776 1595 1256 1665 commilitones
1304 1611 1732 1664 occurrerent
1755 1650 1774 1681 ,
1837 1597 2222 1691 dignoscere
2269 1624 2403 1667 non

275 1704 569 1790 sinebat,
603 1701 851 1771 tardius
893 1702 977 1770 ad
1018 1704 1316 1771 Cassium
1352 1702 1539 1771 rediit
1567 1729 1581 1770 ε
1623 1727 1821 1797 quem
1855 1706 1908 1772 is
1941 1718 2288 1798 exceptum
2320 1704 2404 1773 ab

276 1809 615 1896 hostibuS,
655 1810 1006 1903 omniaque
1043 1809 1110 1876 in
1147 1833 1375 1878 eorum
1419 1820 1813 1903 potestatem
1849 1809 2155 1879 recidisse
2188 1813 2403 1881 existi-

276 1940 509 2003 mans,
553 1916 740 1983 finire
785 1917 990 1983 vitam
1036 1917 1453 2009 properavit3
1502 1940 1705 2009 quum
1745 1929 1811 1983 et
1853 1931 2067 1985 castra
2112 1908 2405 1986 hostium

277 2023 563 2091 invicem
584 2010 610 2054 ⁴
638 2036 865 2115 capta,
896 2035 963 2089 et
991 2024 1173 2089 Bruti
1205 2023 1408 2117 copiae
1438 2046 1675 2116 magna
1712 2047 1792 2090 ex
1828 2038 2014 2118 parte
2043 2021 2405 2094 incolumes

278 2144 519 2197 essent.
564 2130 783 2196 Titinii
832 2152 992 2196 vero
1039 2154 1174 2197 non
1224 2126 1634 2197 obliteranda
1681 2127 1937 2197 silentio
1987 2131 2243 2198 virtus:
2290 2133 2402 2223 qui

278 2234 489 2304 oculis
520 2232 851 2329 paulisper
889 2234 1075 2302 haesit
1115 2236 1453 2328 inopinato
1489 2235 1768 2326 jacentis
1806 2235 1991 2304 ducis
2030 2235 2405 2330 spectaculo

279 2343 636 2428 attonitus;
678 2340 913 2409 deinde
957 2340 1265 2434 profusus
1304 2343 1371 2409 in
1412 2341 1749 2426 lacrimas,
1791 2344 1956 2409 Etsi
1988 2343 2399 2437 imprudens,

278 2449 492 2542 inquit
513 2501 531 2534 ,
578 2454 971 2543 imperator,
1019 2471 1239 2517 causa
1275 2447 1402 2516 tibi
1436 2454 1671 2516 mortis
1685 2448 1876 2538 fuc'5
1929 2464 2156 2516 tamen
2209 2474 2295 2517 ne
2335 2449 2415 2517 id

278 2558 503 2651 ipsum
530 2560 922 2650 impunitum
946 2558 1067 2641 sit,
1109 2559 1349 2651 accipe
1374 2579 1479 2623 me
1484 2554 1655 2646 fati
1676 2558 1779 2623 lui
1799 2560 2103 2624 comitem
2118 2581 2142 2641 ,·
2180 2579 2406 2652 super-

278 2686 411 2755 que
438 2664 735 2742 exanime
769 2687 1008 2756 corpus
1037 2662 1177 2755 ejus
1202 2660 1436 2756 jugulo
1474 2687 1594 2730 suo
1634 2661 1922 2757 gladium
1951 2660 2189 2757 capulo
2219 2677 2408 2732 tenus

279 2768 586 2855 demisit,
625 2792 701 2837 ac
742 2770 1068 2862 permixto
1105 2771 1444 2860 utriusque
1483 2771 1831 2863 sanguine,
1871 2767 2114 2864 duplex
2143 2771 2410 2838 victima

271 2874 520 2968 jacuit,
560 2876 817 2968 pietatis
853 2875 1031 2959 haec,
1065 2876 1309 2943 erroris
1352 2872 1477 2942 illa.

395 2997 461 3068 3.
493 2981 823 3067 Caeterum
856 2997 1017 3094 falsa
1047 2983 1408 3093 opinatio⁵,
1439 3000 1662 3067 nescio
1693 3023 1778 3067 an
1811 3001 2210 3095 praecipuam
2243 3001 2411 3095 inju-

282 3106 449 3174 riam
487 3106 701 3173 Lartis
728 3103 1059 3175 Tolumnii
1080 3159 1100 3191 ,
1128 3106 1504 3174 Veientium
1544 3106 1752 3200 regis,
1784 3107 2134 3201 penatibus
2176 3107 2411 3176 intule-

282 3213 411 3298 rit3
452 3235 605 3279 nam
646 3236 851 3305 quum
892 3212 959 3279 in
1001 3226 1395 3280 tesserarum
1439 3236 1760 3305 prospero
1799 3213 1983 3304 jactu
2026 3238 2146 3307 per
2181 3213 2409 3305 jocum

373 3448 421 3482 ι.
452 3427 555 3481 Sui.
595 3427 719 3480 Fuit
743 3426 962 3480 Helvius
990 3426 1152 3479 officii
1186 3428 1303 3498 pis·
1390 3426 1668 3477 Penatibus.
1692 3425 1906 3498 Quippe
1923 3426 2175 3480 violatum
2184 3431 2269 3500 jus
2284 3448 2413 3501 gen.

282 3509 467 3562 culum
482 3508 776 3560 miserabile
792 3546 808 3572 ,
826 3506 955 3560 dum
971 3506 1127 3558 talem
1141 3507 1304 3560 officii
1390 3506 1525 3559 tium
1537 3542 1551 3562 ‚
1573 3506 1766 3559 violata
1784 3518 1836 3558 et
1853 3506 2069 3577 hospitii
2085 3509 2204 3578 jura
2222 3508 2410 3562 viden·

284 3607 494 3661 ponam
527 3586 691 3642 dedit.
1392 3597 1479 3639 tur
1495 3625 1511 3651 ,
1542 3605 1663 3638 cum
1690 3586 1871 3657 legatis
1897 3587 1952 3639 in
1977 3589 2120 3657 regia
2145 3590 2223 3640 vis
2248 3589 2412 3641 inser-

375 3687 423 3721 2.
452 3667 641 3736 coegit.
666 3669 806 3720 Ann.
833 3665 903 3718 11.
931 3683 1054 3736 711.
1081 3665 1220 3718 Plut.
1250 3665 1305 3718 in
1392 3678 1497 3718 tur.
1533 3668 1595 3717 A.
1619 3667 1687 3717 U.
1719 3666 1850 3719 315.
1876 3667 1994 3720 Liv.
2026 3668 2131 3733 IV,
2169 3686 2269 3737 17;
2300 3669 2409 3722 Cic.

286 3748 484 3812 Erum
511 3747 735 3819 Appian.
764 3753 795 3808 4
814 3765 831 3811 ς
853 3746 1075 3815 Dionys.
1108 3752 1199 3815 47.
1392 3744 1531 3798 Phil.
1561 3743 1672 3809 IX,
1705 3764 1754 3798 s.

369 3828 422 3881 3.
446 3829 683 3895 Quattuor.
702 3826 970 3879 Nimirum
987 3826 1168 3890 Bruti,
1189 3826 1309 3879 Cas-
1475 3829 1528 3878 6.
1567 3827 1886 3879 Tesserae-um.
1917 3827 2154 3879 'ressa-o
2178 3839 2303 3879 sunt
2328 3829 2413 3880 in·

286 3909 381 3974 sii,
409 3907 615 3962 Octavii
641 3920 692 3960 et
725 3905 959 3959 Antonii.
1393 3917 1685 3958 strumenta
1702 3907 1896 3959 lusoris
1910 3906 2285 3977 sexangula-ia.
2310 3909 2417 3959 An·

371 3993 425 4050 4.
460 3989 677 4040 lavian.
700 3988 836 4040 Nam
854 3998 909 4039 et
926 3998 1094 4040 castra
1116 3989 1229 4058 eJ'us
1242 3986 1309 4038 sb
1394 3985 1529 4056 tiqui
1570 3987 1775 4041 tesseris
1814 3985 1879 4040 ad
1916 3983 2207 4038 ludendum
2243 3987 2415 4042 tribus

287 4069 525 4121 Antonio
553 4082 704 4139 αρε·
733 4078 899 4120 erant.
1395 4067 1700 4130 utebantur,
1723 4065 1893 4120 medis
1910 4079 2031 4120 otas
2050 4065 2257 4121 duabus
2275 4067 2416 4121 dun·

376 4148 424 4203 5.
459 4148 707 4222 opinatio.
741 4146 842 4200 Ed.
874 4159 977 4199 vet.
1017 4146 1194 4216 opinio.
1232 4177 1310 4190 --
1396 4158 1554 4210 taxat.
