3143 5204
812 481 946 551 128
1117 483 1564 551 VALERII
1634 485 2050 553 ΜΑΧΙΜΙ
2118 487 2310 554 LIB.
2379 488 2605 555 VIII.

796 616 888 681 tio
922 615 1133 683 noctis
1180 615 1448 684 nuntius
1486 616 1822 709 pervenit,
1864 641 2063 685 nemo
2100 616 2258 703 fuit,
2290 619 2401 712 qui
2444 644 2577 688 non
2620 616 2708 687 illi
2752 634 2921 689 tam·

795 744 993 812 quam
1030 720 1157 790 diis
1196 719 1704 805 immortalibus,
1740 722 1919 816 apud
1946 748 2131 793 sacra
2159 749 2401 795 mensae
2431 750 2563 795 suae
2595 724 2920 795 libaverit.

904 827 969 897 8.
1011 830 1158 895 Jam
1188 852 1334 921 quae
1359 829 1426 896 in
1459 830 1581 897 Cn.
1622 830 2012 923 Pompeium
2050 845 2117 899 et
2151 830 2400 925 ampla¹
2441 847 2509 901 et
2543 857 2716 902 nova
2761 857 2921 902 con-

795 947 976 1026 gesta
1006 949 1188 1019 sunt,
1220 934 1376 1002 hinc
1409 937 1784 1005 assensione
1818 935 2094 1023 favoris,
2130 934 2309 1006 illinc
2339 937 2606 1068 fremitu
2633 938 2924 1025 invidiae,

795 1037 1127 1109 literarum
1191 1043 1636 1110 monumentis
1695 1041 2220 1137 obstrepantur:
2286 1042 2522 1137 eques²
2574 1069 2924 1164 romanus,

794 1145 1243 1240 pr‘oconsule
1226 1173 1294 1215 in
1325 1148 1710 1241 Hispaniam
1749 1147 1956 1217 adve1
1956 1173 2067 1218 sus
2102 1151 2501 1237 Sertorium,
2538 1152 2687 1246 pari
2713 1153 2925 1245 impe·

792 1255 893 1321 rio
937 1277 1092 1322 cum
1133 1255 1251 1322 Pio
1296 1251 1567 1323 Metello
1615 1255 1915 1349 principe
1964 1257 2244 1326 civitatis
2289 1259 2524 1326 missus
2570 1272 2711 1343 est;
2753 1282 2925 1327 non-
2998 1274 3003 1281 “

792 1358 949 1427 dum
992 1357 1195 1428 ullum
1240 1360 1564 1429 honorem
1601 1362 2008 1479 auspicatus,
2053 1362 2152 1431 bis
2190 1348 2700 1457 triumphavit³;
2739 1365 2925 1433 initia
2994 1370 3007 1379 ”

793 1468 1294 1560 magistratuum
1343 1491 1384 1534 a
1429 1491 1689 1536 summo
1728 1468 2007 1561 imperio
2044 1470 2262 1562 cepit;
2306 1471 2571 1538 tertium
2618 1468 2924 1541 consula-

794 1585 935 1639 tum
974 1572 1242 1644 decreto
1297 1588 1564 1642 senatus
1618 1571 1795 1642 solus
1839 1575 2072 1669 gessit3
2112 1574 2195 1644 de
2232 1576 2662 1663 Mithridate,
2698 1591 2767 1645 et
2807 1579 2926 1645 Ti·

793 1702 1031 1771 grane,
1072 1679 1157 1747 de
1193 1678 1417 1749 multis
1461 1694 1776 1775 praeterea
1815 1668 2122 1774 regibus⁴
2139 1735 2159 1767 ,
2204 1682 2546 1775 gentibus,
2585 1682 2925 1777 plurimis-

793 1809 921 1877 que
957 1786 1372 1871 civitatibus,
1408 1800 1474 1855 et
1514 1786 1940 1917 praedsonibus
1974 1812 2180 1856 unum
2218 1788 2408 1858 duxit
2443 1790 2879 1884 triumphum.

898 1916 966 1987 9.
1006 1893 1093 1980 Q.
1123 1893 1317 1962 etiam
1347 1878 1700 1962 Catulum⁵
1740 1892 2024 1987 populus
2068 1918 2382 1964 romanus
2415 1920 2580 1965 voce
2614 1920 2732 1964 sua
2775 1910 2921 1964 tan·

795 2013 934 2066 tum
978 2023 1113 2067 non
1167 1998 1246 2067 ad
1303 1998 1510 2067 sidera
1564 2022 1773 2093 usque
1821 2000 2073 2083 evexit5
2120 2025 2273 2069 nam
2309 2027 2513 2094 quum
2549 2002 2634 2070 ab
2675 2026 2757 2070 eo
2798 2027 2925 2096 pro

794 2107 1022 2174 rostris
1063 2107 1618 2199 interrogaretur,
1652 2112 1721 2174 si
1755 2109 1826 2173 in
1858 2130 1994 2175 uno
2023 2111 2351 2202 Pompelo
2378 2111 2651 2202 Magno
2688 2114 2925 2178 omnia

789 2236 1114 2305 reponere
1115 2228 1646 2307 perseverasset
1660 2210 2022 2307 absumpto
2042 2214 2161 2284 illo
2176 2213 2387 2283 subzti
2397 2238 2604 2284 casus
2619 2221 2919 2300 incursu,

790 2324 860 2386 in
901 2343 1038 2413 quo
1076 2343 1263 2414 spem
1297 2334 1474 2388 esset
1509 2318 1896 2404 habiturus,
1941 2345 2200 2390 summo
2237 2344 2566 2390 consensu
2599 2320 2924 2392 acclama-

794 2426 919 2511 vit,
963 2430 1049 2494 In
1095 2441 1182 2494 te.
1229 2427 1387 2494 Vim
1432 2425 1739 2494 honorati
1782 2424 2016 2517 judicii
2072 2425 2559 2515 admirabilem,
2599 2428 2922 2522 siquidem

763 2623 766 2626 -
792 2533 1118 2661 Magnum
1142 2532 1528 2626 Pompeium
1555 2557 1708 2600 cum
1737 2531 2044 2600 omnibus
2067 2535 2501 2618 ornamentis,
2526 2559 2672 2629 quae
2700 2532 2923 2621 retuli,

792 2623 1115 2706 duarum⁶
1157 2635 1553 2731 syllabarum
1596 2639 1807 2732 spatio
1848 2636 2174 2709 inclusum
2213 2638 2454 2710 Catulo
2494 2637 2812 2735 aequavit!

918 2768 1026 2815 10.
1072 2747 1294 2813 Potest
1328 2758 1393 2813 et
1433 2746 1527 2811 Μ.
1567 2744 1880 2813 Catonis⁷
1920 2769 1999 2812 ex
2039 2747 2262 2839 Cypro
2307 2772 2458 2814 cum
2502 2749 2679 2842 regia
2724 2772 2927 2842 pecu·

794 2968 925 3020 letos
940 3003 957 3029 ‚
985 2964 1040 3016 in
1059 2961 1215 3027 Marii
1233 2961 1494 3013 honorem
1511 2960 1811 3013 celebravit.
1902 2973 2119 3031 negant,
2145 2975 2197 3014 et
2222 2963 2470 3016 Ciceroni
2490 2965 2744 3034 majorem
2761 2963 2925 3017 fidem

794 3047 870 3099 Ea
910 3056 1065 3097 nocte
1094 3060 1203 3095 non
1234 3039 1368 3105 diis,
1397 3037 1489 3093 sed
1516 3039 1613 3092 uni
1643 3040 1815 3093 Mario
1902 3038 2121 3106 habent,
2151 3043 2244 3112 qui
2272 3042 2388 3095 hoo
2416 3045 2592 3096 omnia
2623 3042 2779 3097 vidit.

795 3127 1046 3179 libarunt·
1974 3119 2039 3172 ,3.
2094 3122 2438 3192 Triumphavit.
2478 3125 2558 3176 De
2599 3124 2776 3192 Africa
2803 3156 2822 3183 ι.
2873 3137 2925 3179 et

883 3223 935 3257 1.
967 3201 1164 3273 Ampla.
1195 3202 1327 3265 Quae
1351 3198 1568 3270 exponit
1598 3218 1815 3272 praeser-
1902 3198 2042 3251 vieto
2070 3200 2343 3267 Carbone,
2371 3202 2440 3255 de
2471 3203 2663 3256 Sicilia.

795 3286 895 3340 tim
915 3283 1026 3335 Cic.
1047 3300 1146 3353 pro
1162 3281 1261 3351 leg.
1282 3280 1429 3334 Man.
1451 3292 1504 3332 et
1526 3280 1665 3333 Plin.
1690 3281 1815 3347 vu,
1985 3285 2038 3342 4.
2077 3281 2303 3350 Regibus.
2338 3283 2692 3336 Ariobarzane
2712 3323 2728 3346 ,
2757 3283 2925 3336 Phar·

803 3370 907 3428 26,
940 3361 1032 3432 qui
1072 3361 1225 3413 illum
1263 3379 1371 3412 non
1406 3358 1694 3412 Alexandri
1735 3361 1812 3413 Μ.
1903 3377 2031 3411 nece
2064 3373 2117 3413 et
2156 3362 2479 3417 Aristobulo.
2503 3395 2584 3405 --
2615 3363 2923 3415 Civitatibus.

793 3446 969 3502 ,solum
985 3481 999 3506 ‚
1027 3440 1119 3493 sed
1134 3454 1185 3493 et
1197 3439 1438 3493 Herculis
1453 3452 1506 3492 et
1523 3439 1706 3492 Liberi
1722 3440 1817 3493 Pa·
1901 3437 2007 3492 CM
2025 3439 2222 3511 cepisse
2245 3440 2459 3509 dicitur,
2484 3428 2623 3495 infer
2649 3462 2782 3514 quas
2804 3442 2928 3495 Hie·

799 3526 893 3580 tris
929 3523 1189 3591 fulgooem
1218 3519 1512 3590 adaequasse
1540 3518 1813 3585 adfirmat,
1899 3519 2182 3590 rosolyma.

791 3622 967 3679 quum
993 3601 1138 3673 quasi
1155 3598 1222 3652 de
1240 3611 1352 3652 toto
1368 3599 1498 3651 orbe
1518 3598 1814 3670 triumpha·
1987 3599 2039 3650 5.
2064 3598 2305 3652 Catulum.
2338 3602 2401 3652 A.
2432 3603 2501 3654 U.
2529 3603 2662 3671 687.
2691 3602 2806 3656 Cic.
2826 3622 2925 3674 pro

793 3688 886 3745 rit.
921 3685 1059 3742 Ann.
1093 3680 1164 3733 U.
1194 3683 1474 3749 676-692.
1502 3678 1819 3732 Plutarchus

799 3767 856 3819 in
883 3765 991 3818 vita
1022 3760 1282 3831 Pompeii.

885 3844 1145 3914 2..Eques
1167 3840 1322 3892 Teste
1338 3838 1492 3890 Livio
1510 3856 1595 3908 ep.
1614 3838 1649 3889 l.
1672 3839 1815 3902 XCI,

795 3945 935 3998 eques
948 3923 1065 3986 fuit,
1078 3938 1242 3992 quum
1255 3930 1445 3971 contra
1459 3917 1815 3988 proscriptum

796 4003 1090 4060 Domitium
1122 4012 1176 4052 et
1204 3997 1498 4051 Hiarbam
1484 4016 1538 4048 m
1567 3997 1819 4065 Africam,

792 4082 888 4138 sed
914 4095 1143 4156 quoeseor,
1172 4098 1335 4150 quum
1361 4075 1610 4130 adversus
1644 4076 1820 4131 Serto-

792 4165 933 4222 rium
962 4163 1273 4218 mitteretur.
1296 4157 1382 4211 sic
1406 4155 1689 4210 Oliverius.
1712 4158 1817 4210 Alii

1902 3679 2000 3748 leg.
2034 3680 2427 3745 Man.;Vellei.
2442 3682 2528 3745 11,
2561 3682 2839 3745 323P1ut.
2873 3685 2925 3735 iu

1904 3758 2124 3829 Pomp.;
2151 3761 2269 3812 Dio.
2305 3761 2448 3814 Cass.
2480 3762 2740 3814 XXXVI.

1987 3843 2040 3891 6.
2070 3840 2306 3892 Duamm.
2335 3840 2437 3894 Sci.
2469 3846 2517 3891 in
2539 3853 2599 3893 te.
2622 3872 2705 3882 --
2729 3841 2926 3898 Calah.

1906 3917 2150 3971 vorstius
2180 3919 2350 3989 legere
2365 3918 2550 3974 suadet
2568 3939 2582 3973 ε
2602 3922 2835 3991 Pompeio
2851 3953 2929 3964 --

1907 3996 2133 4049 Catulum
2164 4002 2385 4069 oequavit.
2427 4000 2664 4052 Frustra.

1988 4096 2041 4147 7.
2071 4077 2290 4132 Catonis.
2318 4080 2383 4132 A.
2417 4081 2486 4132 U.
2530 4085 2663 4150 697.
2698 4076 2927 4134 Plani-1

1903 4157 2030 4222 vit.;
2060 4157 2279 4227 Dionys.
2312 4159 2563 4213 XXXIX.
2587 4190 2671 4202 --
2692 4162 2925 4215 Pecunia.
