3143 5204
411 453 599 520 CAP.
655 452 791 536 111,
845 451 968 519 DE
1023 449 1320 518 VAFRE
1374 450 1592 519 DICT
1664 449 1847 519 AUT
1898 450 2139 521 FACT.
2263 475 2351 548 ¹9

240 583 615 656 referendus
656 599 792 667 est;
838 608 992 651 nam
1044 608 1248 677 quum
1292 606 1331 649 a
1380 606 1533 675 rege
1575 583 1932 676 Tarquinio
1958 637 1977 670 ‚
2023 584 2353 654 avunculo

240 715 352 760 suo
371 746 391 777 .,
418 716 689 759 omnem
714 689 1069 759 nobilitatis
1096 686 1380 758 indolem
1406 687 1421 711 ¹
1449 692 1736 783 excerpi,
1759 691 2058 784 interque
2085 706 2356 761 caeteros

238 801 425 867 etiam
471 797 745 867 fratrem
784 821 973 865 suum
997 849 1015 881 ‚
1059 795 1237 890 quod
1282 798 1630 889 vegetior-is
1670 798 1911 890 ingenii
1950 812 2119 882 erat,
2156 802 2355 866 inter-

240 906 476 980 fectum
517 904 1109 989 animadverteret,
1156 902 1376 970 obtusi
1420 927 1488 971 se
1536 902 1756 971 cordis
1803 928 1956 971 esse,
1989 902 2358 992 simulavit,

239 1035 437 1105 eaque
469 1009 723 1081 fallacia
751 1011 1066 1079 maximas
1090 1010 1365 1076 virtutes
1395 1033 1546 1077 suas
1569 1012 1771 1077 texit:
1798 1008 2134 1102 profectus
2161 1008 2357 1080 etiam

240 1116 578 1212 Delphos²
616 1142 768 1186 cum
806 1117 1144 1209 Tarquinii
1184 1114 1373 1201 filiis,
1408 1141 1575 1209 quos
1618 1117 1671 1183 is
1715 1115 1798 1184 ad
1835 1114 2205 1210 Apollinem
2235 1120 2359 1210 Py-

240 1224 441 1292 thium
486 1223 872 1291 muneribus
908 1221 1367 1315 sacrificiisque
1411 1222 1870 1290 honorandum
1911 1224 2204 1310 miserat,
2246 1248 2360 1292 au-

238 1356 374 1399 rum
414 1330 547 1399 deo
579 1331 844 1398 nomine
882 1329 1040 1397 doni
1068 1326 1236 1397 clam
1269 1343 1503 1396 cavato
1540 1327 1778 1397 baculo
1818 1328 2140 1397 inclusum
2175 1328 2360 1413 tulit3

238 1440 381 1531 quia
427 1437 706 1505 timebat
729 1488 749 1519 ‚
789 1460 871 1503 ne
911 1435 1031 1503 sibi
1083 1433 1335 1503 caeleste
1381 1460 1625 1503 numen
1668 1450 1894 1529 aperta
1919 1420 1941 1458 ³
1978 1434 2362 1506 liberalitate

238 1545 534 1613 venerari
572 1557 788 1611 tutum
820 1567 953 1610 non
977 1555 1165 1610 esset.
1205 1543 1492 1610 Peractis
1529 1541 1766 1610 deinde
1791 1541 2113 1610 mandatis
2137 1544 2365 1665 patris,

240 1649 608 1744 Apollinem
651 1649 928 1742 juvenes
970 1644 1478 1733 consuluerunt,
1519 1654 1834 1742 quisnam
1885 1672 1977 1717 ex
2018 1654 2184 1744 ipsis
2229 1653 2363 1719 Ro-

238 1781 359 1824 mae
391 1771 806 1850 regnaturus
829 1754 1223 1823 vederetur?
1247 1743 1387 1821 At
1371 1780 1456 1840 is,
1471 1779 1694 1849 penes
1726 1780 1876 1822 eum
1901 1779 2233 1824 summam
2265 1734 2366 1824 ut*-⁴

239 1862 333 1931 bis
394 1878 659 1931 nostrae
708 1876 1129 1956 potestatem
1155 1860 1529 1952 saturam,
1591 1861 1961 1955 respondit,
2016 1867 2137 1956 qui
2199 1879 2365 1932 ante

237 1994 463 2038 omnes
500 1973 713 2038 matri
732 1970 1033 2037 osculum
1075 1967 1385 2035 dedisset.
1419 1970 1606 2036 Tunc
1642 1970 1886 2037 Brutus
1900 2022 1919 2049 ,
1960 1969 2231 2062 perinde
2273 1985 2363 2039 at-

238 2102 360 2171 que
399 2100 560 2144 casu
599 2074 984 2169 prolapsus,
1031 2074 1114 2142 de
1162 2073 1481 2142 industria
1524 2099 1593 2142 se
1635 2074 1905 2168 abjecit,
1947 2088 2361 2169 terramque,

239 2207 657 2253 communem
710 2183 1005 2250 omnium
1053 2194 1331 2248 matrem
1387 2181 1762 2248 existimans
1783 2234 1802 2267 ,
1853 2178 2185 2250 osculatus
2238 2197 2358 2251 est.

240 2289 439 2379 Quod
472 2303 611 2357 tam
653 2288 835 2357 vafre
881 2285 1099 2357 telluri
1137 2288 1530 2422 impressum
1575 2283 1914 2373 osculum,
1959 2286 2129 2355 Urbi
2164 2286 2358 2356 liber-

240 2410 473 2481 tatem,
518 2398 724 2463 Bruto
762 2395 1047 2490 primum
1080 2394 1150 2461 in
1188 2379 1407 2461 fastis⁴
1438 2391 1658 2460 locum
1691 2392 1938 2459 tribuit.

342 2501 408 2572 3.
469 2503 691 2632 Scipio
733 2525 995 2595 quoque
1046 2501 1344 2619 superior
1388 2498 1759 2594 praesidium
1802 2496 2169 2567 calliditatis
2219 2523 2356 2568 am-

242 2607 464 2702 plexus
496 2592 630 2677 est⁵
654 2633 781 2677 :ex
811 2605 1026 2677 Sicilia
1057 2609 1229 2675 enim
1259 2621 1488 2700 petens
1518 2605 1810 2674 Africam
1829 2631 2080 2701 ‚quum
2119 2630 2199 2676 ex
2236 2606 2369 2676 for-

242 2717 495 2785 tissimis
531 2715 857 2810 peditibus
884 2715 1173 2782 romanis
1200 2727 1650 2782 trecentorum
1679 2714 1970 2806 equitum
2007 2737 2357 2783 numerum

244 2821 571 2916 complere
624 2819 860 2908 vellet,
905 2846 1116 2914 neque
1160 2834 1297 2888 tam
1341 2819 1558 2888 subito
1598 2833 1820 2913 posset
1851 2844 1963 2887 eos
1995 2821 2356 2910 instruere,

244 2929 412 3021 quod
450 2929 767 3022 temporis
803 2929 1118 3022 angustiae
1147 2925 1475 3019 negabant
1492 2979 1510 3009 ‚
1534 2928 1887 3018 sagacitate
1914 2927 2163 2994 consilii
2194 2952 2358 2996 asse·

247 3049 480 3127 quutus
516 3049 655 3102 est:
686 3058 971 3127 namque
994 3058 1073 3101 ex
1103 3034 1181 3101 iis
1211 3060 1245 3096 (ε
1272 3032 1661 3126 juvenibus,
1685 3057 1849 3126 quos
1872 3057 2093 3100 secum
2120 3059 2199 3101 ex
2220 3047 2358 3102 tota

247 3139 447 3210 Sicilia
490 3139 930 3210 nobilissimos
971 3155 1037 3208 et
1076 3139 1464 3224 ditissim05‚
1505 3137 1619 3207 sed
1662 3140 1981 3223 inermes,
2034 3139 2355 3229 habebat,

249 3259 565 3317 trecentos
604 3249 899 3341 speciosa
932 3270 1115 3315 arma
1155 3260 1223 3314 et
1261 3243 1501 3314 electos
1531 3269 1734 3373 equos
1776 3269 1974 3339 quam
2018 3243 2356 3314 celerrime

249 3354 597 3448 expedire»
630 3355 853 3447 jussit,
875 3352 1056 3422 velut
1080 3376 1191 3421 eos
1221 3337 1573 3422 continuo⁶
1603 3375 1821 3421 secum
1856 3352 1940 3419 ad
1967 3377 2354 3446 oppugnan-

326 3584 372 3618 1.
414 3564 643 3618 Indolem.
672 3565 883 3616 Florem
903 3562 1205 3616 nobilitatis,
1429 3562 1477 3613 3.
1512 3560 1700 3630 Aperta
1726 3561 2026 3612 liberalitate.
2048 3560 2114 3614 Id
2145 3575 2359 3629 est‚au·

323 3665 375 3698 ι.
415 3646 644 3715 Delphos.
679 3646 781 3695 An.
812 3644 881 3695 U.
917 3648 1026 3704 240
1058 3656 1111 3695 et
1145 3648 1255 3705 244
1344 3659 1407 3693 ro
1435 3640 1608 3712 palam
1637 3641 1735 3711 ipsi
1764 3641 1956 3693 oblate.

249 3722 458 3778 cimiter.
479 3725 691 3788 Livius,
707 3723 800 3775 lib.
815 3724 870 3774 1·
857 3741 1000 3793 ;.cap
1023 3722 1113 3786 56,
1130 3721 1255 3772 Vol.
1428 3726 1479 3783 4.
1516 3721 1696 3780 Fastis.
1719 3721 2110 3774 consularibus.

248 3803 273 3854 1
284 3823 427 3876 Npag
463 3805 602 3866 158,
634 3815 825 3855 nostra
847 3801 1107 3856 editioni&
1130 3802 1258 3852 Dio-
1430 3799 1479 3852 5.
1528 3800 1792 3869 Amplexus
1839 3813 1924 3851 est.
1963 3805 2063 3853 An.
2111 3801 2182 3852 U.
2231 3802 2362 3865 548.

249 3902 353 3954 ηε.
382 3886 416 3938 l.
444 3885 542 3936 IV.
578 3883 716 3936 Cam.
752 3883 837 3934 Ob
864 3883 1098 3953 elapsum
1119 3899 1148 3933 e
1172 3899 1259 3933 oo-
1344 3881 1460 3933 Liv.
1489 3879 1677 3932 XXIX
1692 3918 1707 3944 ,
1743 3898 1789 3933 1.

249 3962 416 4015 lamna
433 3965 602 4035 lignea
621 3981 873 4033 anguem,
894 3963 986 4033 qui
1004 3975 1261 4014 terrorem
1430 3963 1481 4012 6.
1528 3959 1766 4012 Continuo
1789 3980 1957 4013 secum.
1998 3961 2077 4012 Ex
2111 3959 2213 4011 hoc
2245 3960 2362 4014 loco

250 4055 297 4094 et
314 4044 478 4114 fugam
499 4043 623 4096 fecit
638 4081 654 4107 ,
678 4055 731 4095 et
749 4041 912 4112 ipsius
932 4042 1069 4114 regis
1087 4039 1261 4094 subito
1347 4039 1654 4092 Perizonius
1670 4040 1905 4110 conjicit,
1920 4039 2218 4110 Scipionem
2236 4053 2361 4093 tunc

251 4140 431 4191 pavore
456 4123 686 4195 perculit
711 4134 906 4193 pectus.
1351 4119 1633 4173 instituisse
1651 4119 1855 4173 cohort.
1870 4119 2360 4191 praetoriam‚quam

1939 4226 2028 4296 22
