3143 5204
479 487 667 555 CAP.
724 486 860 571 xl,
916 488 1039 553 DE
1095 486 1339 554 IMPR.
1396 488 1636 555 mer.
1691 488 1805 555 ET
1859 488 2102 555 FACT.
2237 486 2372 569 183

260 687 349 740 DE
388 687 710 739 IMPROBE
742 686 978 740 DICTIS
1007 688 1100 738 ET
1136 686 1542 741 SCELERATE
1571 689 1820 743 FACTIS
1853 689 2376 742 EXTERNORUM.

370 880 430 925 1.
481 854 656 925 Illud
699 869 918 923 autem
961 853 1247 941 facinus,
1299 856 1453 949 quia
1502 871 1881 942 externum,
1925 855 2376 949 tranquilliore

254 961 498 1031 affectu
555 957 1006 1030 narrabitur¹:
1039 961 1343 1055 Scipione
1385 959 1700 1031 Africano
1744 964 1946 1056 patris
1999 976 2065 1030 et
2113 961 2369 1055 'patrui

254 1071 639 1137 memoriam
657 1066 1041 1163 gladiatorio
1056 1090 1329 1136 munere
1343 1067 1744 1163 Carthagine
1760 1069 1954 1138 Nova
1969 1067 2342 1141 celebrante
2356 1122 2373 1153 ‚

252 1175 387 1243 duo
422 1176 585 1270 regii
628 1173 741 1242 filii
790 1198 1004 1268 nuper
1039 1188 1231 1268 patre
1268 1188 1567 1263 mortuo,
1612 1176 1680 1244 in
1726 1197 1992 1244 arenam
2036 1198 2368 1269 processe-

253 1296 409 1349 runt
432 1335 452 1368 ,
492 1280 895 1376 pollicitique
927 1294 1113 1367 sunt,
1147 1280 1248 1349 ibi
1265 1305 1341 1349 se
1367 1279 1456 1351 de
1483 1304 1694 1376 regno
1716 1282 2195 1376 μα’ἰιὶιιιυω,
2232 1305 2374 1374 quo

248 1388 709 1482 spectaculum
769 1386 944 1456 illud
988 1388 1311 1456 z'lhestn'w
1362 1410 1610 1482 pugna
1661 1411 1790 1456 sua
1831 1386 2173 1479 facerent
2204 1412 2219 1453 ε
2254 1411 2372 1455 eos

249 1519 456 1586 quum
474 1496 695 1588 Scipio
717 1495 1075 1563 monuisset
1089 1546 1107 1579 ,
1125 1509 1200 1561 uc
1220 1494 1475 1582 vet-bea,
1498 1494 1928 1588 quamjerro
1957 1481 1979 1519 ³
1993 1492 2372 1585 dijudicare

248 1601 565 1685 mallent,
608 1616 760 1669 uter·
793 1624 1083 1695 regnare
1116 1600 1419 1687 deberet,
1466 1623 1544 1670 ac
1581 1602 1718 1695 jam
1754 1602 1967 1695 major
2001 1614 2162 1669 natu
2199 1624 2366 1667 con-

247 1704 393 1774 silio
422 1708 564 1799 ejus
599 1706 1120 1801 obtemperaret,
1156 1708 1375 1776 minor
1414 1708 1712 1801 corporis
1747 1708 2000 1776 viribus
2029 1706 2264 1792 fretus,
2299 1706 2367 1771 in

245 1814 535 1881 amentia
562 1815 881 1909 perstitit;
909 1814 1200 1907 initoque
1227 1815 1617 1901 certamine,
1644 1815 2042 1908 pertinacior
2071 1812 2368 1907 impietas

247 1917 529 1987 sonunae
561 1918 815 2013 judicio
853 1934 1068 1989 morte
1105 1918 1380 1988 multata
1418 1934 1534 1988 est.

354 2068 419 2111 2.
463 2043 882 2113 Mithridates
913 2058 1132 2113 autem
1167 2043 1376 2113 multo
1412 2042 1786 2113 sceleratius
1804 2031 1852 2130 ⁴,
1896 2044 2006 2137 qui
2041 2066 2177 2111 non
2209 2066 2359 2111 cum

244 2147 449 2217 fratre
485 2147 569 2218 de
615 2166 895 2245 paterno
942 2176 1185 2246 regn0‚
1230 2150 1343 2219 sed
1384 2175 1534 2220 cum
1574 2152 1716 2246 ipso
1760 2163 1947 2244 patre
1987 2147 2231 2217 bellum
2280 2147 2364 2215 de

242 2254 690 2325 dominatione
739 2258 981 2352 gessit:
1043 2258 1110 2325 in
1152 2283 1284 2351 quo
1328 2258 1440 2351 qui
1482 2271 1597 2325 aut
1637 2258 1940 2325 homines
1977 2254 2145 2323 ullos
2177 2254 2361 2346 adju-

243 2375 422 2429 tores
458 2364 811 2448 invenerit‚
847 2378 963 2432 aut
996 2364 1153 2433 deos
1185 2366 1494 2432 invocare
1536 2388 1731 2431 ausus
1768 2364 1872 2448 sit,
1909 2387 2044 2456 prae
2081 2361 2360 2428 admira·

240 2469 424 2536 tione
466 2456 744 2537 haereo⁵.

352 2588 419 2662 3.
472 2593 869 2687 Quanquam
916 2591 1075 2688 quid
1125 2593 1286 2681 hoc,
1332 2594 1516 2688 quasi
1553 2593 1932 2664 inusitatum
1982 2588 2109 2660 illis
2148 2590 2362 2685 genti-

327 2820 375 2854 ι.
399 2803 707 2855 Nan-abitur.
740 2805 841 2856 An.
872 2804 940 2857 U.
975 2805 1106 2874 547.
1138 2804 1253 2856 Liv.

239 2882 509 2946 XXVIII,
547 2901 575 2934 2
591 2901 639 2936 1.
1164 2905 1169 2908 ·

325 2981 375 3013 2.
411 2963 603 3014 Pate-ui.
633 2963 692 3016 P.
719 2975 772 3016 et
793 2963 893 3016 Cn.
926 2961 1259 3035 Scipionum,

237 3040 295 3092 in
314 3041 563 3112 Rispania
578 3044 1121 3114 interemptorum.—
1142 3043 1260 3096 Mu-

236 3138 364 3173 nere.
375 3123 693 3192 Sanguinem
700 3123 975 3176 bominum
983 3124 1261 3195 profusum

237 3198 345 3251 diis
387 3202 569 3254 inseris
598 3215 651 3254 et
689 3203 980 3256 occisorum
1019 3203 1261 3256 manibus

235 3280 591 3349 gratissimum
622 3301 731 3335 esse
764 3281 989 3335 credidit
1022 3296 1259 3336 veterum

235 3361 561 3429 superstitio.
589 3361 768 3414 Munus
789 3361 1017 3427 dictum,
1034 3362 1179 3434 quod
1197 3381 1262 3416 ex

236 3457 305 3490 eo
320 3479 334 3503 ,
352 3440 500 3510 quasi
517 3460 734 3494 munere
748 3480 764 3506 ,
785 3443 1110 3513 voluptatem
1123 3446 1262 3514 cepit

236 3521 497 3590 populus,
544 3521 628 3573 vel
666 3520 811 3593 quod
852 3540 1046 3573 munus
1081 3522 1263 3577 inferis

234 3600 430 3652 afrem
454 3602 725 3671 putabant.
746 3633 826 3644 —-
842 3602 983 3656 Filii.
1008 3601 1130 3655 Non
1155 3603 1260 3657 fra·

236 3692 372 3744 tres,
412 3678 505 3733 sed
541 3682 804 3752 patrueles
845 3683 1029 3735 ἡαπ-οε
1065 3682 1222 3736 fuisse
1242 3722 1259 3750 ,

236 3759 355 3813 Liv.
384 3762 564 3813 refert.
596 3761 722 3814 vid.
755 3762 1026 3827 XXVIII,
1059 3780 1150 3815 21.

319 3841 370 3892 3.
398 3841 696 3911 Dejadicare.
716 3840 780 3893 1d
797 3855 900 3907 est,
920 3842 1067 3895 litem
1087 3842 1262 3908 finire,

232 3916 503 3974 dirimere.
532 3921 623 3974 Sic
647 3922 835 3975 Cicero
866 3922 932 3975 ad
965 3925 1072 3976 Att.
1100 3923 1259 3986 xlv3

234 4011 419 4052 nostras
449 4005 769 4053 contentiones
799 4003 1058 4073 respublica
1081 4002 1260 4073 dijudi-

232 4079 373 4132 cabit.
409 4081 650 4148 Quidam
677 4082 829 4136 MSS.
856 4083 1127 4154 dijudicat-12
1156 4083 1260 4135 Alii

231 4161 452 4214 ‹timeat-i
464 4203 480 4228 ‚
515 4162 786 4225 decernere,
824 4164 1070 4225 dimicare,
1115 4161 1260 4234 quod

1344 2817 1669 2875 postremum
1694 2803 1936 2856 Perizon.
1957 2816 2008 2856 et
2025 2804 2248 2855 Torren-
2271 2821 2364 2855 au·

1344 2884 1504 2936 ctoris
1535 2903 1645 2936 esse
1673 2884 1995 2948 existimant,
2023 2884 2146 2953 quia
2173 2883 2365 2953 ipsum,

1346 2963 1489 3034 quod
1515 2965 1754 3034 quaesivit
1781 2964 2047 3028 Valerius,
2066 2980 2282 3015 acumen
2307 2964 2364 3015 in

1344 3044 1509 3095 verbo
1529 3044 1756 3096 ‘Emicat-e
1784 3044 2102 3096 continetur.

1429 3129 1479 3185 4.
1514 3124 1813 3176 See-lemtim.
1832 3124 1950 3176 scil.
1976 3123 2106 3192 egit3
2122 3122 2207 3174 alii
2229 3123 2362 3174 :Mi-

1349 3202 1587 3263 thridatis,
1612 3204 1720 3258 scil.
1743 3205 1942 3256 facinus
1956 3204 2055 3255 fuit
2073 3222 2143 3255 m.
2166 3222 2206 3254 s.
2224 3203 2362 3266 Quia

1345 3295 1520 3333 autem
1545 3282 1649 3335 hoc
1665 3285 1909 3336 nonnulli
1930 3283 2231 3334 Mithre‘datis
2253 3281 2365 3334 filio

1345 3361 1605 3413 Pharnaci
1633 3363 1898 3427 tribuunt,
1929 3363 2201 3414 Rubenius
2217 3372 2368 3433 putat

1344 3439 1626 3510 legendum
1648 3443 1972 3494 :Mithridatis
1986 3443 2045 3494 F.
2059 3442 2365 3495 autemvid.

1345 3521 1503 3574 Dion.
1538 3522 1629 3591 373
1656 3521 1878 3593 Eutrop.
1913 3523 2025 3584 VI,
2063 3541 2144 3574 10.

1429 3601 1478 3654 5.
1509 3602 1626 3653 Proe
1643 3601 1954 3653 athiis-atione
1970 3602 2138 3653 hoereo.
2160 3604 2223 3653 In
2242 3601 2361 3671 qui·

1344 3680 1567 3734 busdam
1587 3681 1738 3734 MSS.
1752 3675 1860 3752 pra}
1875 3683 2187 3733 admiratione
2205 3683 2364 3736 habet.

1344 3760 1615 3815 Mendose.
1644 3764 1710 3814 In
1733 3762 1846 3815 Sus.
1879 3774 1933 3815 et
1953 3763 2121 3815 Pulm.
2145 3780 2244 3832 pro
2262 3763 2363 3814 lea·-

1347 3855 1445 3903 ree,
1476 3842 1558 3894 vel
1584 3842 1748 3902 habet,
1779 3842 1994 3912 legitur,
2033 3861 2126 3893 non
2159 3840 2359 3910 definio,

1346 3921 1489 3992 quod
1522 3941 1551 3974 e
1582 3922 1886 3992 glossemate
1915 3935 2091 3976 ortum
2131 3920 2361 3975 videtur.

1346 4003 1528 4057 Plures
1547 4002 1701 4054 MSS.
1723 4016 1774 4054 et
1795 4001 1914 4055 edd.
1934 4022 2026 4072 pro
2051 4001 2363 4053 admit-atione

1347 4081 1569 4142 habetur,
1609 4080 1662 4134 id
1694 4095 1799 4146 est,
1832 4082 2029 4134 habetur
2060 4101 2156 4152 pro
2181 4100 2239 4135 rc
2269 4079 2361 4133 ad·

1348 4162 1602 4216 miranda.
1631 4163 1861 4217 Frustra.

1978 4259 2105 4340 12⁴³
