3143 5204
761 496 948 564 cAP.
1007 496 1148 580 vl,
1202 497 1336 562 DE
1391 498 1894 566 PERFIDIA.
2244 501 2381 573 165

268 631 514 724 regiam
558 629 986 721 contigisset:
1032 642 1165 696 tam
1206 628 1627 698 deformiter¹
1669 632 1825 700 victi
1867 633 2116 705 nescias
2159 648 2382 702 utrum

269 734 652 804 insolentius
696 733 986 819 dictum,
1029 758 1112 802 an
1150 736 1614 829 impudentius

376 840 440 910 3.
478 830 1053 909 Hannibal'autem
1096 844 1439 910 cannensis
1477 868 1718 936 pugnae
1767 868 2069 919 successu
2113 844 2386 932 elatus²‚

270 970 414 1016 nec¹
445 946 710 1015 admisit
761 971 1156 1040 quemquam
1210 949 1455 1016 civium
1510 973 1779 1017 suorum
1834 952 1901 1017 in
1943 953 2210 1029 castris,
2265 977 2387 1021 nec

268 1078 656 1147 responsum
699 1051 849 1140 ulli,
887 1055 1006 1121 nisi
1050 1078 1169 1147 per
1211 1055 1635 1148 interpretem
1678 1054 1895 1143 dedit;
1932 1056 2386 1126 Maharbalem

269 1162 462 1227 etiam
517 1174 668 1226 ante
715 1159 1207 1228 tabernaculum
1249 1185 1440 1232 suum
1486 1160 1662 1233 clara
1704 1186 1868 1230 voce
1907 1162 2385 1249 affirmantem,

255 1270 702 1361 prospexisse
734 1290 808 1332 se
825 1319 846 1350 ,
901 1289 1198 1358 quonam
1242 1266 1443 1335 modo
1466 1272 1721 1361 paucis
1763 1268 1998 1342 diebm
2043 1273 2281 1345 Romae
2319 1276 2389 1338 in

274 1374 612 1466 Capitolio
660 1387 996 1455 caenaret,
1055 1372 1483 1466 adspernatus
1534 1389 1675 1442 est:
1729 1374 1896 1443 adeo
1947 1374 2271 1451 felicitatis
2322 1390 2388 1444 et

268 1478 736 1547 moderationis
776 1477 1118 1546 dividuum
1160 1480 1667 1548 contubernium
1705 1476 1833 1549 est!

373 1588 438 1668 4.
486 1582 858 1653 Insolentiae
907 1609 1069 1651 vero
1124 1586 1295 1653 inter
1338 1586 1949 1680 Carthaginiensem
1995 1602 2062 1655 et
2103 1590 2385 1682 Campa-

268 1715 427 1757 num
477 1705 776 1758 senatum
820 1693 1005 1783 quasi
1049 1689 1379 1760 aemulatio
1420 1691 1581 1760 fuit:
1630 1690 1737 1761 ille
1783 1696 1957 1761 enim
2010 1708 2312 1788 separato
2352 1719 2391 1762 a

267 1794 457 1888 plebe
492 1795 726 1865 balneo
759 1795 1133 1883 lavabatur3
1176 1797 1286 1866 hic
1313 1784 1615 1867 diverso³
1642 1798 1789 1868 foro
1820 1800 2143 1868 utebatur.
2171 1804 2389 1888 Quem

267 1926 520 1970 morem
558 1904 802 1997 Capuae
838 1902 1242 1997 aliquamdiu
1285 1918 1654 1991 retentum,
1693 1909 1772 1979 C.
1798 1931 2063 2003 quoque
2100 1906 2388 1983 Gracchi

267 2009 562 2077 oratione.
604 2011 670 2077 in
706 2007 1032 2085 Plautium
1072 2010 1315 2104 scripta
1354 2025 1560 2107 patet.

954 2223 1026 2311 C
1059 2223 1136 2308 A
1167 2224 1232 2309 P
1259 2223 1341 2311 U
1371 2225 1452 2309 T
1527 2224 1609 2311 V
1629 2225 1696 2309 I.

892 2423 985 2493 oe
1005 2419 1284 2511 perfidia
1319 2422 1765 2489 Romanorum.

327 2613 368 2644 ι.
385 2597 441 2642 Τ.
466 2596 589 2644 Tatii
611 2596 887 2644 Sabinorum
910 2597 1046 2658 regis.
1065 2622 1129 2631 --
1148 2612 1190 2642 2.
1213 2598 1309 2643 Ser.
1334 2595 1528 2657 Sulpicii
1550 2597 1712 2643 Galba!
1732 2606 1863 2658 pret.
1886 2622 1948 2631 —
1971 2597 2016 2645 3.
2042 2598 2123 2644 Cn.
2146 2596 2339 2643 Domitii

670 2677 968 2723 Ahenobarbi
989 2692 1171 2738 procos.
1196 2703 1255 2711 —
1283 2685 1330 2732 4.
1351 2679 1411 2734 Q.
1430 2677 1615 2724 Servilii
1633 2677 1861 2738 Caepionis
1885 2692 1977 2724 cos.

887 2837 985 2901 De
1000 2832 1280 2924 perfidia
1304 2836 1760 2899 Externorum.

755 3025 797 3057 1.
822 3010 1281 3090 Carthaginiensium.
1305 3033 1369 3044 —
1394 3023 1439 3055 a.
1470 3009 1742 3055 Hannibalis
1768 3010 1907 3069 poeni.

760 3172 862 3223 DE
902 3170 1296 3222 PERFIDIA
1338 3145 1921 3220 ROMANORUM.

370 3339 725 3410 Occultum
769 3340 908 3433 jam
959 3353 1025 3408 et
1074 3338 1458 3407 insidiosum
1511 3334 1758 3404 malum
1809 3333 2084 3431 perfidia
2128 3333 2392 3408 latebris

263 3521 421 3593 pedes
448 3521 720 3574 minitatus
750 3532 845 3574 est.
863 3552 942 3565 -ν-
965 3518 1121 3587 Quam
1155 3522 1281 3569 inso-
1458 3535 1500 3570 ι.
1536 3516 1848 3582 Besae-miter.
1892 3514 2177 3586 Superatus
2214 3519 2389 3584 enim,

265 3603 414 3653 lenter
446 3622 556 3652 usus
586 3614 673 3656 ese.
705 3599 789 3653 Sic
813 3599 1012 3654 habent
1036 3595 1201 3649 Aldus
1230 3610 1282 3650 et
1369 3599 1424 3652 in
1452 3596 1677 3668 patriam
1712 3595 1988 3666 piscatoria
2018 3613 2151 3647 nave
2180 3598 2385 3666 effugit.

264 3682 369 3733 alii.
397 3680 499 3734 Sed
521 3694 838 3752 postremam
860 3697 1042 3732 vocem
1068 3677 1281 3747 Pighius
1367 3708 1449 3721 --
1473 3675 1813 3746 Impudeneius.
1845 3674 2083 3727 Perizon.
2109 3689 2161 3727 et
2187 3675 2385 3746 Guyet.

267 3762 320 3813 in
331 3761 502 3813 abusus
517 3774 585 3811 ese
601 3761 839 3814 mutavit.
855 3757 1148 3810 Immerito.
1169 3756 1281 3808 Ple·
1367 3755 1557 3808 malint
1579 3754 1932 3826 imprudentius.
1950 3755 2147 3808 Praeter
2164 3758 2387 3809 necessi·

263 3841 415 3911 tique
445 3839 598 3892 MSS.
631 3854 727 3891 tam
759 3840 1011 3892 insolenter
1041 3857 1149 3889 usus
1177 3848 1274 3898 est,
1367 3848 1554 3893 tatem„

263 3919 405 3973 unde
432 3920 740 3972 Perizonius
766 3920 1003 3989 conjicit,
1022 3930 1176 3970 tamen
1205 3919 1278 3967 in·
1452 3935 1499 3966 2.
1549 3915 1740 3967 Elatus.
1778 3915 1877 3966 An.
1914 3913 1987 3967 U.
2031 3911 2161 3981 537.
2198 3913 2385 3985 Polyb.

266 4000 471 4052 solenter
516 4020 626 4051 usus
673 4012 759 4051 ese.
801 4000 1031 4051 Frustra.
1073 3996 1282 4066 Lipsius
1367 3996 1478 4060 111,
1510 3994 1726 4059 Livius,
1749 3993 1969 4054 xxm,
1999 4005 2051 4043 et
2076 3991 2388 4047 Plutarchus

266 4098 328 4131 ex
362 4077 444 4133 ed.
475 4092 579 4132 vet.
615 4079 799 4132 scribit
821 4078 1006 4129 habitat
1034 4098 1120 4132 suo
1143 4079 1279 4147 jure,
1372 4073 1438 4127 de
1462 4075 1559 4127 hac
1589 4073 1895 4125 Hannibalis
1924 4071 2170 4142 superbia
2200 4085 2388 4126 tacent.

267 4178 405 4228 quarn
437 4160 731 4212 insolenter?
763 4157 912 4229 Quod
939 4156 1166 4212 Graeciae.
1469 4153 1521 4208 3.
1543 4155 1761 4208 Diverso.
1791 4151 1926 4218 Quia
1935 4169 2043 4203 non
2053 4148 2236 4206 eodem
2246 4151 2394 4225 plebi

1897 4245 2029 4331 113
