3143 5204
812 504 954 548 210

1627 482 2096 548 EPITOME

806 609 1134 705 principes
1174 622 1599 695 enumerant,
1651 609 2060 678 Pirtilianum
2105 611 2568 699 Lavianium¹,
2606 612 2918 683 Volesum

807 712 1207 800 Valesium²‚
1237 715 1515 782 Metium
1554 715 1898 802 Curtium,
1930 715 2151 784 Allum
2196 717 2776 790 Funnisillaticum.
2821 725 2920 789 Ex

805 952 1079 1020 Pompeium
1097 951 1398 1020 Pompilium.
1418 951 1483 1002 In
1496 950 1649 1002 Livio
1660 989 1674 1011 ,
1691 951 1819 1003 Dio-

737 1032 747 1037 “
806 1031 985 1099 nysio,
1008 1029 1223 1081 Valerio
1242 1030 1384 1081 Max.
1405 1041 1611 1099 patrem
1632 1030 1820 1082 Numae

804 1111 942 1179 regis
958 1109 1289 1179 Pomponem
1301 1109 1621 1180 Pompilium
1646 1109 1821 1179 appel·

805 1191 969 1242 latum
995 1188 1242 1258 legimus,
1273 1188 1327 1239 in
1350 1188 1635 1240 Plutarcho
1659 1188 1818 1240 Pom-

805 1269 1029 1340 ponium
1053 1268 1391 1339 Pompilium.
1406 1271 1582 1338 Atque
1602 1267 1712 1320 haec
1729 1287 1819 1320 va·

803 1349 963 1400 rietas
995 1347 1332 1399 librariorum
1367 1347 1694 1418 negligentias
1725 1348 1821 1399 im-

800 1425 1033 1498 putanda
1064 1439 1157 1479 est.
1187 1418 1451 1481 Casta-um
1474 1426 1815 1497 praenominis

801 1507 1006 1576 antiqui
1029 1506 1252 1558 sormam
1274 1505 1437 1577 magis
1454 1507 1684 1560 retinent
1711 1507 1816 1570 illa,

801 1586 1034 1657 Pompus
1045 1620 1062 1647 ‚
1077 1586 1161 1638 vel
1179 1586 1382 1655 Pompo
1398 1605 1411 1637 :
1429 1588 1644 1638 tertium
1658 1588 1789 1638 Pom
1802 1614 1815 1622 -

797 1667 990 1737 ponius
1006 1704 1019 1725 ,
1054 1665 1370 1736 gentilitium
1413 1684 1610 1717 nomen
1640 1666 1817 1736 potius

802 1759 880 1799 est
894 1783 910 1812 ,
935 1763 1092 1816 quam
1115 1763 1438 1814 prenomen.

889 1843 912 1877 1
928 1866 940 1878 .
958 1825 1269 1877 Pir-tilianam
1288 1825 1585 1881 Lavianium.
1611 1826 1676 1876 Iu
1703 1826 1817 1895 qui-

798 1903 1020 1956 busdam
1070 1904 1438 1973 manuscriptis
1455 1944 1470 1967 ‚
1519 1903 1816 1955 Pacilianam

798 1985 1091 2047 Lamnum,
1117 1984 1171 2035 in
1199 1982 1441 2035 Sambuci
1470 1982 1608 2035 libro
1636 1984 1816 2035 Postu-

799 2064 959 2114 lanum
980 2064 1239 2115 ίανὶωιωπ
1258 2062 1526 2115 habemus.
1545 2060 1649 2115 Sed
1668 2081 1817 2133 nque

718 2152 721 2153 ’
799 2143 1021 2195 obscura
1033 2142 1172 2207 baec;
1188 2143 1374 2205 imme,
1385 2142 1633 2194 utVerrii
1644 2142 1816 2195 Flacci

796 2223 971 2274 verbis
1008 2220 1179 2274 dicam
1200 2260 1216 2286 ‚
1258 2222 1606 2273 intermortua
1654 2235 1707 2274 et
1745 2240 1818 2274 se·

796 2302 946 2373 pulta
970 2303 1076 2371 jam
1097 2314 1219 2353 sunt
1242 2301 1514 2353 vocabula.
1542 2300 1651 2352 Alii
1679 2320 1816 2371 quo-

798 2400 901 2451 que
936 2379 1092 2433 codd.
1130 2381 1328 2432 habent
1355 2382 1653 2432 Putilianum
1684 2381 1814 2432 Lau-

798 2480 983 2512 ranum.
1032 2460 1281 2512 Sumbuci
1323 2459 1458 2512 liber
1500 2460 1815 2512 Postulanum

798 2541 1085 2592 Loxicmum.
1131 2538 1237 2591 Alii
1278 2539 1504 2591 Petilium
1532 2539 1811 2600 Laianium‚

795 2621 879 2672 vel
931 2620 1236 2672 Paemtanum
1289 2621 1559 2671 Laianium.
1614 2619 1816 2672 Notum

798 2712 874 2751 est
902 2700 1145 2751 librarios
1175 2716 1312 2768 saepe
1342 2696 1551 2750 duobus
1578 2698 1813 2749 nomini·

799 2777 897 2828 bus
938 2775 1413 2829 dedissesse‘amdem
1450 2777 1691 2829 sormam.
1731 2776 1816 2830 Sic

797 2876 961 2927 quum
972 2856 1272 2908 invenirent
1282 2857 1548 2916 Laianmm,
1561 2854 1816 2910 videntur

797 2955 859 2988 ex
887 2936 1067 2988 Petillo
1098 2936 1253 2987 etiam
1294 2935 1472 2988 fecisse
1506 2936 1813 2988 Petillcmum.

794 3017 945 3068 Esset
975 3028 1149 3068 autem
1177 3015 1486 3077 Poetulanus,
1517 3029 1580 3069 ut
1608 3017 1663 3067 V
1660 3016 1814 3067 ibula-

797 3115 902 3160 nus,
922 3114 949 3147 a
964 3095 1123 3159 Paeto,
1145 3094 1287 3146 unde
1307 3113 1433 3164 gens
1447 3096 1661 3148 Parilia.
1680 3095 1815 3148 Fue-

797 3188 924 3226 runt
951 3193 1143 3244 nempe
1165 3175 1328 3226 multa
1361 3176 1472 3242 ejus
1503 3176 1686 3227 forma
1716 3194 1814 3227 no·

796 3253 938 3305 mina
957 3292 971 3315 ,
999 3267 1059 3305 ut
1085 3266 1229 3324 patet
1250 3272 1313 3306 ex
1330 3255 1575 3324 gentibus
1592 3255 1814 3308 Pedonia

798 3346 898 3386 etc.
924 3335 1055 3385 Item
1084 3335 1313 3385 Laiam'us
1336 3345 1413 3386 est
1432 3351 1626 3387 nomen
1646 3334 1815 3405 gentis

799 3432 827 3464 a
856 3414 1038 3464 Laiano
1052 3452 1064 3472 ,
1082 3426 1134 3465 et
1151 3413 1252 3466 hoc
1275 3411 1513 3466 eamdem
1532 3413 1691 3467 habet
1707 3414 1814 3466 ori·

794 3492 971 3562 ginem
1003 3511 1061 3545 ac
1082 3493 1205 3545 Laia
1235 3511 1381 3562 gens.
1409 3493 1564 3545 Forte
1587 3511 1814 3564 graecum

797 3570 929 3623 illud
957 3590 1151 3623 nomen
1181 3573 1345 3624 Laius.
1377 3573 1647 3624 Low-anius
1672 3571 1814 3642 apud

799 3652 1024 3716 Quintil.
1053 3651 1144 3703 lib.
1164 3651 1264 3715 IX,
1291 3670 1345 3721 p.
1364 3652 1475 3703 618
1502 3665 1631 3704 extr.
1654 3652 1815 3704 Pant-

798 3749 917 3783 που.
944 3731 1062 3782 Par.
1091 3731 1253 3800 prim.
1280 3731 1595 3790 Postulanum
1615 3732 1812 3783 Lauza-

797 3830 923 3863 num.
940 3810 1192 3863 Harl.Bit.
1211 3810 1368 3880 prim.
1390 3811 1682 3862 Putolanum
1697 3812 1817 3862 Lau·

795 3910 981 3944 remum.
1033 3887 1186 3943 Leid.
1227 3890 1398 3960 quint.
1452 3903 1579 3943 sext.
1625 3891 1814 3960 Ultraj.

796 3970 952 4041 prim.
992 3970 1284 4021 Putulanum
1324 3970 1616 4022 Lateranum.
1661 3968 1814 4023 Leid.

795 4061 911 4102 tert.
934 4050 1224 4101 Pandanam
1244 4050 1530 4101 Lausanum.

880 4148 931 4180 2.
964 4130 1186 4180 Volesum
1207 4128 1469 4179 Valesium.
1495 4126 1632 4181 Edd.
1659 4129 1715 4180 V
1711 4130 1810 4181 ale-

792 4211 908 4259 sium
936 4209 1227 4260 Valentiam.
1245 4208 1553 4261 Proeuomen
1578 4208 1680 4262 hoc
1703 4210 1761 4264 V
1755 4231 1808 4260 o-

1909 953 2028 1003 lesus
2053 963 2218 1004 exstat
2251 953 2324 1005 ita
2351 970 2563 1024 quoque
2585 953 2641 1005 in
2666 954 2921 1025 antiquis-

1905 1031 2024 1083 simi
2066 1032 2278 1084 termini
2307 1032 2589 1085 marmorei
2624 1033 2920 1103 fragmento

1907 1112 2114 1175 Romus,
2144 1109 2285 1181 apud
2316 1111 2560 1165 Maffeios
2587 1130 2600 1163 ε

1914 1278 1974 1330 Ρ.
2003 1296 2496 1330 νΛιεεινε.,νοιεεῐ.
2531 1298 2577 1331 r.
2606 1297 2917 1332 rorncom.

1907 1427 2110 1479 Verum
2128 1427 2184 1480 in
2208 1428 2558 1481 marmoribus
2588 1427 2888 1499 capitolinis
2903 1468 2918 1493 ,

1908 1505 1966 1557 V
1959 1506 2140 1565 olusus.
2157 1525 2267 1559 non
2278 1507 2480 1559 Volesus
2495 1547 2508 1568 ,
2526 1507 2796 1561 scribitur.
2812 1508 2921 1560 Pri-

1902 1603 2047 1637 scum
2065 1585 2219 1639 valde
2243 1586 2299 1638 in
2327 1586 2533 1639 Sabinis
2556 1587 2680 1650 fuit,
2693 1600 2746 1639 et
2771 1589 2917 1658 genti

1908 1665 2118 1717 Valesiae
2139 1705 2153 1727 ‚
2181 1683 2298 1737 quae
2327 1664 2520 1719 deinde
2545 1667 2605 1718 V
2597 1667 2750 1718 aleria
2775 1666 2917 1719 dicta

1904 1757 2007 1806 est,
2036 1745 2119 1797 vel
2147 1758 2268 1798 ante
2295 1747 2517 1798 Romam
2543 1744 2812 1800 conditam
2841 1747 2920 1799 fa·

1904 1824 2135 1877 miliare:
2153 1844 2259 1895 quo
2274 1825 2398 1876 item
2416 1843 2540 1878 usus
2553 1837 2630 1878 est
2647 1825 2807 1895 primi
2823 1825 2922 1877 Po-

1902 1903 2105 1973 plicolae
2121 1918 2287 1975 pater.
2308 1904 2446 1957 Hinc
2458 1917 2675 1975 apparet
2685 1906 2918 1976 primum

1905 1984 2131 2041 Volesos,
2163 1996 2344 2054 postea
2374 1984 2432 2036 V
2425 1983 2582 2035 olusos
2610 1982 2780 2037 dictos
2807 2002 2918 2037 esse

1906 2063 2127 2115 Valesios
2155 2083 2173 2115 :
2199 2075 2251 2115 et
2281 2063 2524 2117 hocloco
2558 2063 2783 2116 Volesum
2810 2064 2920 2115 Va-

1904 2144 2065 2194 lesium
2090 2141 2370 2213 legendum
2392 2159 2520 2196 esse.
2541 2142 2647 2195 Hie
2665 2144 2810 2196 enim
2826 2144 2919 2195 ille

1901 2220 2112 2275 videtur
2126 2240 2235 2274 esse
2244 2222 2491 2293 princeps
2502 2222 2672 2291 gentis
2684 2223 2743 2272 V
2734 2224 2915 2283 aler-iae,

1902 2320 2061 2372 quem
2102 2320 2224 2353 cum
2260 2301 2323 2353 T.
2357 2301 2514 2353 Tatio
2541 2318 2666 2370 rege
2694 2303 2921 2353 Romam

1903 2381 2224 2434 transtulisse
2275 2378 2604 2433 domicilium
2627 2420 2642 2445 ,
2697 2379 2918 2434 tradunt

1902 2461 2188 2529 Dionysius
2216 2459 2481 2512 Halicarn.
2510 2472 2564 2512 et
2585 2460 2918 2513 Plutarchus.

1902 2540 2179 2591 Proximus
2202 2539 2346 2591 locus
2360 2578 2374 2602 ,
2397 2541 2566 2592 Alium
2584 2538 2918 2591 Sumusileata'-

1903 2640 2006 2671 cum
2041 2619 2177 2672 nihil
2214 2619 2441 2673 babebat
2475 2620 2606 2672 sani.
2633 2618 2920 2686 Dedimus,

1902 2700 2072 2752 Allum
2095 2700 2145 2751 F
2140 2699 2528 2754 unnisillaticum.
2549 2700 2628 2752 De
2647 2699 2750 2752 hoc
2767 2719 2920 2752 voca·

1901 2779 2030 2831 bulo
2086 2775 2469 2832 incredibiliter
2510 2780 2716 2831 variant
2764 2777 2915 2831 codi-

1902 2876 2014 2921 ces,
2046 2876 2179 2928 quos
2208 2855 2330 2910 vide
2366 2859 2519 2912 infra·
2559 2858 2704 2910 Allus
2740 2870 2917 2910 autem

1902 2955 2207 3008 praenomen
2235 2938 2470 3008 priscum
2493 2950 2598 2998 est,
2624 2936 2769 2990 unde
2787 2956 2917 3008 gens

1901 3017 2042 3069 Allia
2061 3029 2382 3086 nuncupata.
2398 3017 2759 3089 Reperiuntur
2771 3030 2917 3070 vetu-

1901 3095 2111 3149 stissimi
2131 3096 2337 3148 nummi
2357 3097 2587 3168 argentei
2604 3116 2728 3149 cum
2748 3099 2913 3168 Apol-

1900 3174 2021 3227 linis
2051 3177 2251 3247 capite‚
2283 3188 2336 3228 et
2365 3177 2485 3247 biga
2511 3176 2724 3242 Dianae,
2755 3195 2911 3247 quam

1900 3256 2040 3308 cervi
2071 3255 2239 3323 juncti
2276 3256 2518 3320 trahunt,
2554 3256 2810 3327 inscripto
2848 3255 2915 3306 ti-

1901 3335 2012 3385 tulo
2034 3353 2081 3387 c.
2098 3354 2240 3389 Αιιῐ.
2261 3334 2346 3388 Sic
2365 3336 2522 3389 etiam
2539 3336 2605 3387 ab
2624 3336 2761 3387 Aulo
2778 3353 2914 3406 prae-

1899 3414 2115 3467 nomine
2139 3433 2264 3485 gens
2283 3416 2440 3468 Aulia
2460 3433 2657 3468 nomen
2681 3415 2911 3485 accepit,

1899 3505 2056 3564 atque
2082 3495 2197 3547 aliae
2215 3496 2393 3547 multas
2420 3496 2486 3547 ab
2508 3494 2642 3548 aliis.
2667 3493 2783 3547 Nisi
2805 3495 2913 3545 sor-

1900 3585 2031 3626 tasse
2048 3575 2310 3645 quispiam
2327 3575 2413 3628 hic
2437 3576 2485 3626 T
2481 3576 2629 3626 allum
2649 3575 2698 3624 T
2693 3577 2911 3624 uranium

1898 3653 2078 3705 afferri
2119 3654 2247 3706 velit
2284 3653 2524 3724 opinari,
2555 3671 2715 3723 quem
2755 3653 2910 3705 etiam

1898 3751 2017 3785 cum
2043 3734 2108 3786 T.
2135 3732 2289 3786 Tatio
2315 3752 2434 3804 rege
2458 3735 2681 3785 Romam
2707 3750 2737 3783 e
2766 3730 2912 3784 Sabi·

1905 3812 1986 3864 nis
2026 3812 2316 3866 habitatum
2347 3813 2550 3866 venisse
2575 3811 2758 3866 scribit
2785 3811 2911 3863 Dio-

1902 3892 2085 3962 nysius
2109 3892 2200 3945 lib.
2219 3893 2292 3945 11.
2319 3890 2423 3944 Sed
2446 3892 2502 3944 in
2525 3906 2632 3946 tam
2657 3892 2907 3946 obscuro,

1904 3984 1956 4023 et
1985 3972 2189 4025 lubrico
2220 3972 2336 4024 loco
2363 3969 2554 4044 pedem
2579 3971 2744 4044 figere
2769 3968 2911 4024 diffi-

1903 4051 1998 4103 cile
2036 4063 2127 4103 est.
2159 4051 2338 4103 Album
2364 4052 2420 4103 iu
2448 4050 2531 4105 ed.
2557 4051 2732 4121 Pigbii
2764 4069 2913 4102 error

1899 4143 1976 4183 est
2002 4131 2342 4202 typographi,
2383 4144 2441 4184 ut
2475 4144 2616 4202 patet
2645 4149 2708 4182 ex
2739 4128 2909 4200 Ps‘ghii

1897 4211 2034 4262 notis
2048 4249 2063 4273 ,
2088 4211 2178 4282 qui
2198 4211 2362 4266 voluit
2380 4212 2546 4264 Allnm
2561 4248 2577 4276 ,
2595 4229 2758 4281 quum
2780 4221 2907 4261 antt.
