3143 5204
1610 489 2084 557 EPITOME

796 643 928 713 tur,
952 624 1227 717 ideoque
1266 622 1505 691 dicitur
1540 620 1963 716 gentilitium:
1998 636 2231 690 caetera
2264 623 2492 691 ordine
2527 626 2903 711 variantur;

798 756 951 801 nam
1017 729 1196 825 quod
1252 729 1657 824 praeponitur
1675 781 1693 812 ‚
1755 752 2185 822 praenomen3
2252 729 2429 823 quod
2500 730 2859 824 postfertur
2880 784 2900 818 ,

795 861 1204 934 cognomen3
1253 835 1431 929 quod
1480 834 1564 903 ad
1616 833 1917 903 ultimum
1962 833 2292 927 adjicitur,
2347 860 2671 931 agnomen
2693 836 2711 861 ¹
2764 854 2900 907 est:

794 969 1077 1040 quorum
1119 944 1317 1012 series
1358 966 1491 1011 non
1545 942 1668 1025 ita,
1715 955 1789 1009 ut
1828 942 2139 1035 exposui,
2185 967 2442 1037 semper
2485 959 2739 1013 servata
2779 959 2901 1013 est.

794 1050 1263 1120 Animadverto
1309 1049 1485 1116 enim
1530 1048 1596 1114 in
1647 1044 1988 1116 consulum
2028 1046 2237 1134 fastis,
2276 1047 2661 1143 perplexum
2707 1075 2901 1119 usum

791 1158 1271 1253 praenominum
1304 1168 1371 1222 et
1400 1154 1905 1247 cognominum3
1951 1152 2147 1223 fuisse
2188 1154 2469 1242 dictum,
2511 1158 2928 1233 Postumum,

791 1264 1167 1334 Cominium
1216 1263 1600 1330 Auruncum
1629 1311 1649 1345 ,
1707 1273 1773 1327 et
1811 1261 2197 1328 Postumum
2245 1261 2582 1330 AEbutium
2620 1261 2856 1331 Elvam
2881 1318 2902 1351 ,

789 1386 856 1439 et
890 1370 1255 1464 Vopiscum
1306 1364 1587 1453 sunum,
1627 1379 1694 1433 et
1740 1366 2039 1459 Opitrem
2078 1368 2449 1459 Virginium
2492 1369 2861 1438 Tricostum
2882 1422 2902 1453 ,

787 1491 854 1545 et
920 1473 1218 1547 Paullum
1294 1472 1567 1539 Fabium
1640 1469 2066 1539 Maximum².
2132 1473 2311 1561 Quin
2358 1475 2554 1543 etiam
2600 1474 2902 1568 quaedam

786 1582 1186 1676 cognomina
1213 1580 1281 1645 in
1318 1602 1559 1646 nomen
1593 1600 1783 1645 versa
1823 1592 2004 1663 sunt,
2048 1593 2124 1645 ut
2159 1581 2419 1674 Caepio:
2462 1604 2744 1674 namque
2772 1582 2904 1650 hoc

784 1692 851 1758 in
888 1691 1097 1755 Bruto
1138 1685 1420 1753 nominis
1459 1681 1676 1753 locum
1716 1683 2018 1752 obtinuit.

890 1791 1229 1863 Gentilitia
1290 1790 1555 1858 nomina
1619 1791 1838 1857 Varro
1892 1804 2081 1884 putat
2140 1789 2334 1859 fuisse
2392 1793 2775 1880 innumera,
2834 1811 2904 1863 et

783 1900 1187 1997 praenomina
1226 1898 1400 1965 circa
1444 1881 1772 1990 triginta³.
1816 1897 2042 1964 Pueris
2073 1901 2221 1964 'non
2258 1898 2638 1992 priusquam
2677 1915 2900 1994 togam

786 2005 1042 2076 virilem
1085 2016 1451 2087 sumerent;
1487 2000 1755 2095 puelliS,
1795 2026 1931 2070 non
1959 2016 2310 2097 antequam
2342 2004 2698 2092 nuberent,
2733 2031 2901 2101 prae-

785 2114 1051 2181 nomina
1110 2110 1361 2203 imponi
1425 2109 1625 2176 moris
1688 2107 1925 2194 fuisse,
1995 2108 2081 2196 Q.
2139 2108 2429 2178 Scaevola
2489 2126 2721 2180 auctor
2782 2127 2901 2181 est.

800 515 944 563 212

1882 2333 2039 2404 prim.
2089 2332 2337 2385 Araricum
2350 2370 2366 2394 ,
2411 2335 2466 2385 in
2508 2353 2615 2405 quo
2641 2335 2727 2387 hic
2759 2335 2898 2395 fere.

1886 2423 1942 2463 ut
1970 2412 2024 2462 in
2052 2412 2154 2465 Bit.
2184 2425 2368 2465 caetera
2394 2412 2602 2465 desunt.
2623 2416 2900 2467 Postu-neem

870 2356 890 2391 1
906 2378 918 2389 .
954 2335 1103 2405 Quod
1110 2372 1421 2387 ..........
1445 2351 1677 2402 agnomen
1709 2338 1795 2386 est.

783 2420 949 2471 Vetus
978 2413 1143 2469 codex
1158 2451 1175 2478 ‚
1202 2413 1410 2465 adicitur
1442 2431 1673 2481 agnomen
1708 2424 1794 2464 est.

784 2495 942 2550 Unde
965 2494 1260 2565 colligimus
1286 2492 1387 2564 legi
1415 2489 1641 2557 debere,
1673 2492 1803 2563 quod

782 2578 852 2629 acl
891 2576 1102 2628 ultt'mum
1147 2573 1399 2643 adjicitur,
1445 2590 1677 2640 agnomen
1708 2583 1795 2624 est.

784 2658 929 2709 Olim
952 2667 1091 2719 erat,
1116 2653 1246 2725 quod
1262 2652 1331 2702 ad
1353 2672 1400 2704 u.
1420 2652 1612 2709 dicitur,
1639 2671 1686 2702 α.
1707 2662 1794 2703 ese.

784 2735 925 2789 Vide
941 2732 1205 2786 Perizonii
1228 2729 1472 2783 Animad.
1501 2730 1638 2783 nist.
1666 2749 1714 2783 c.
1735 2748 1760 2781 2
1778 2768 1794 2795 ,

783 2828 836 2867 et
860 2816 919 2867 P.
939 2812 1107 2866 Servii
1125 2810 1346 2862 Miscell.
1374 2827 1488 2880 cap.
1508 2811 1565 2869 8,
1592 2809 1648 2860 in
1667 2827 1799 2880 prae-

784 2894 981 2946 satione
1018 2892 1069 2944 J.
1105 2890 1300 2960 Georg.
1337 2888 1534 2942 Graevii
1574 2887 1640 2941 ad
1677 2901 1714 2941 t.
1744 2911 1794 2942 α.

782 2973 942 3027 Thes.
970 2974 1095 3023 Ant.
1124 2971 1278 3021 Rom.

867 3072 918 3105 2.
958 3050 1269 3102 Postkumum
1308 3047 1576 3100 Cominium
1619 3048 1795 3100 Arun-

782 3136 922 3192 ιίαηι,
944 3142 992 3182 et
1003 3129 1310 3182 Posthumum
1328 3128 1381 3179 E
1383 3127 1559 3178 barium
1573 3128 1797 3192 Helvam,

779 3225 828 3263 et
855 3212 1111 3281 Vopiscum
1128 3208 1311 3260 Julium
1324 3246 1340 3268 ,
1372 3219 1420 3257 ee
1439 3206 1656 3277 Opitrem
1677 3208 1732 3257 V
1728 3211 1794 3258 ir·

777 3295 970 3362 giacum
994 3291 1262 3341 Tricoscum
1274 3325 1286 3344 ,
1304 3299 1354 3338 et
1366 3286 1576 3338 Paulum
1590 3287 1644 3339 F
1638 3287 1796 3338 abiam

779 3372 1065 3425 Maximum,
1082 3370 1162 3421 Ita
1181 3366 1295 3420 haec
1315 3367 1526 3419 nomina
1545 3365 1689 3419 varie
1708 3365 1797 3419 ad-

778 3448 999 3503 modum
1039 3448 1466 3519 exprimebantur
1512 3446 1568 3497 in
1610 3444 1790 3512 editt.;

780 3544 831 3583 at
876 3532 931 3582 in
970 3548 1022 3580 v,
1064 3547 1110 3580 c.
1156 3545 1266 3579 non
1303 3526 1437 3578 male
1473 3526 1794 3579 omittuntur

777 3609 1143 3682 aspirationes,
1167 3625 1283 3678 quae
1305 3605 1594 3676 antiquitus
1617 3606 1793 3657 omitti

780 3691 967 3742 solent.
999 3686 1086 3740 sic
1104 3699 1157 3739 et
1181 3704 1278 3737 nos
1299 3705 1358 3738 ea
1380 3685 1704 3737 correximus
1727 3703 1792 3737 ex

775 3768 882 3821 flde
899 3767 1090 3820 veteris
1113 3764 1528 3836 orthographiae,
1557 3782 1674 3836 quae
1705 3763 1795 3816 ad-

692 3885 695 3892 -
774 3849 879 3901 huc
899 3845 1108 3900 residua
1134 3858 1213 3898 est
1245 3846 1303 3896 in
1328 3843 1627 3915 capitolinis
1653 3861 1790 3895 mar-

771 3928 1011 3980 moribus
1035 3938 1089 3978 et
1114 3925 1345 3977 nummis
1374 3921 1620 3993 antiquis.
1652 3921 1786 3975 cod.

773 4007 1214 4059 HarlJ’ostumium
1231 4003 1783 4060 CorvinumAumncum,

766 4100 814 4137 et
840 4089 1127 4139 Postumium
1145 4085 1196 4137 E
1200 4086 1377 4135 balium
1394 4084 1443 4134 Ε
1445 4083 1569 4134 biam
1580 4118 1596 4142 ,
1619 4093 1669 4132 et
1680 4083 1786 4134 No·

1885 2492 2132 2543 Araricum
2156 2492 2312 2543 etiam
2342 2491 2491 2546 Leid.
2520 2506 2646 2546 sext.

1965 2571 2019 2624 3.
2054 2571 2310 2627 Gentilitt'a
2314 2612 2461 2626 .....
2499 2577 2721 2643 m'ginta.
2753 2575 2900 2628 Olim

1883 2663 1993 2702 erat
2018 2670 2031 2703 :
2063 2651 2366 2705 Gentilitium
2396 2658 2587 2705 nemim
2620 2655 2678 2706 V
2671 2675 2784 2707 arro
2804 2675 2900 2726 pu-

1883 2731 2117 2797 tatsue'sse
2133 2751 2323 2782 numero
2337 2772 2352 2794 ,
2384 2745 2433 2785 ee
2446 2738 2749 2804 praenomina
2772 2740 2902 2787 circa

1883 2809 2105 2879 triginta.
2142 2812 2311 2864 Vetus
2343 2811 2508 2864 codex
2541 2832 2556 2866 ε
2608 2813 2902 2869 Gemilicum

1882 2893 2073 2941 nomina
2097 2891 2156 2942 V
2148 2910 2260 2942 arro
2275 2903 2421 2962 putat
2441 2896 2589 2957 sitisse
2612 2898 2660 2944 in
2687 2913 2899 2946 numero.

1880 2970 2041 3022 Paris.
2060 2970 2216 3041 prim.
2241 2971 2505 3025 Gentilium
2528 2975 2718 3025 nomina
2736 2975 2795 3025 V
2787 2994 2902 3025 arm

1874 3061 2020 3119 putat
2033 3051 2188 3116 flasse
2222 3056 2424 3122 quinque
2452 3057 2771 3123 pra-nomina.
2806 3053 2903 3106 Est

1882 3142 2054 3181 autem
2068 3130 2382 3199 gentilitium,
2405 3131 2549 3203 quod
2567 3133 2710 3202 genti
2735 3146 2789 3185 et
2809 3153 2900 3204 ge-

1879 3209 1996 3261 neri
2010 3221 2088 3262 est
2100 3228 2400 3264 commune.
2411 3212 2600 3265 Cicero
2618 3210 2687 3265 de
2702 3214 2897 3284 Arusp.

1884 3289 1951 3341 32
1976 3309 1988 3339 ε
2022 3290 2126 3357 Qui
2142 3289 2377 3359 sacrificia
2403 3292 2662 3363 gentilitia
2686 3293 2773 3342 illo
2795 3296 2898 3362 ipso

1880 3371 1930 3419 in
1984 3369 2159 3419 sacello
2197 3371 2507 3436 factitarunt.
2563 3372 2750 3442 Neque
2795 3372 2898 3424 alio

1878 3446 2039 3500 modo
2066 3450 2241 3501 Latini
2265 3451 2488 3518 gentilem
2521 3470 2643 3504 eum
2673 3466 2897 3517 vocant,

1877 3528 1970 3598 qui
1999 3547 2061 3580 ex
2092 3527 2273 3581 eadem
2307 3531 2498 3582 familia
2525 3543 2674 3583 ortus
2702 3545 2814 3594 est,
2845 3545 2896 3584 et

1877 3603 2075 3659 idcirco
2110 3605 2297 3660 eodem
2333 3611 2549 3662 nomine
2579 3611 2892 3682 appellatur.

1878 3685 1987 3740 Cic.
2009 3688 2145 3759 Top.
2178 3706 2247 3756 29
2267 3707 2280 3740 :
2312 3687 2528 3742 Gentiles
2548 3702 2687 3751 sunt,
2717 3695 2799 3762 qui
2821 3694 2894 3741 ἰη-

1878 3778 1949 3816 ter
1981 3786 2030 3817 se
2065 3767 2223 3818 eodem
2256 3780 2369 3820 sunt
2389 3772 2572 3821 nomine
2597 3770 2659 3820 ab
2680 3773 2898 3840 ingenuis

1875 3846 2094 3907 oriundi,
2121 3866 2317 3917 quorum
2339 3852 2569 3918 majorum
2594 3869 2730 3900 nemo
2755 3855 2898 3902 servi-

1877 3936 2019 3976 tutem
2047 3930 2257 3988 servivit,
2285 3931 2369 3998 qui
2387 3933 2543 3998 capite
2568 3947 2664 3980 non
2687 3940 2801 3980 sunt
2817 3930 2896 3981 di-

1874 4009 2056 4056 minuti.
2069 4007 2135 4057 Et
2153 4006 2206 4058 in
2219 4007 2374 4060 Verr.
2390 4008 2631 4076 1V‚19o:
2648 4009 2898 4079 Responde

1874 4086 1990 4135 milu'
2005 4104 2129 4136 nunc
2147 4087 2342 4154 Verres,
2353 4108 2486 4159 quem
2502 4109 2600 4139 esse
2619 4089 2741 4139 hunc
2760 4102 2908 4147 mum*

754 4170 941 4236 pisa-um
957 4186 974 4218 .·
1005 4178 1224 4236 uterque
1250 4163 1420 4231 Ultraj
1429 4204 1439 4214 .
1471 4163 1748 4214 Postumum
1771 4200 1787 4227 ,
1867 4183 2005 4231 perne
2019 4165 2265 4234 gentilem
2279 4168 2308 4221 Ι
2319 4168 2739 4238 'ermtiumpmass’
2748 4169 2833 4221 En
2844 4209 2855 4221 .
2871 4168 2895 4220 ἐ’
