3143 5204
791 488 924 568 ¹42
1145 482 1586 549 VALERII
1650 481 2055 548 MAXIMI
2113 481 2302 548 LIB.
2362 482 2492 549 lx.

777 618 1065 685 imitatus
1083 669 1102 702 ‚
1125 639 1366 709 magna
1393 640 1474 683 ex
1495 628 1684 709 parte
1709 638 1944 685 aureos
1965 613 2190 682 clavos
2211 612 2227 636 ¹
2258 614 2542 709 crepidis
2569 614 2900 708 subjectos

773 724 1040 809 habuit,
1069 736 1511 817 argenteaque
1550 745 1706 791 vasa
1739 720 1825 789 ad
1866 745 2055 790 usum
2088 719 2323 790 culinae
2352 724 2802 816 comparavit,
2837 738 2899 791 et

773 826 1198 899 tabernacula
1222 827 1554 898 textilibus
1581 826 1805 921 sigillis
1823 827 2141 897 adornata
2165 830 2411 898 statuit.
2431 831 2655 898 Avaro
2682 831 2903 925 potius

773 936 947 1006 hosti
990 935 1212 1030 praeda
1257 934 1564 1029 optabilis
1584 988 1603 1020 ‚
1652 958 1849 1027 quam
1889 933 2019 1003 ulla
2057 934 2141 1003 ad
2186 935 2585 1005 vincendum
2629 951 2901 1006 strenuo

774 1067 980 1112 mora.

887 1172 950 1245 5.
980 1178 1126 1243 Jam
1149 1172 1538 1243 Ptolemaeus
1557 1171 1576 1194 ²
1608 1195 1721 1239 rex
1750 1173 2036 1239 accessio
2063 1173 2371 1241 vitiorum
2404 1197 2672 1240 suomm
2703 1174 2903 1259 vixit,

772 1281 1050 1375 ideoque
1081 1265 1433 1375 Physcon³
1466 1276 1832 1372 appellatus
1867 1292 2001 1363 est3
2031 1279 2220 1371 cujus
2260 1280 2548 1372 nequitia
2586 1278 2747 1378 quid
2787 1304 2901 1347 ne-

771 1387 1007 1482 quius?
1055 1412 1348 1456 sororem
1400 1401 1562 1455 natu
1605 1385 1923 1476 majorem
1968 1387 2304 1455 communi
2354 1384 2539 1454 fratri
2585 1399 2864 1479 nuptam
2885 1440 2905 1471 ‚

773 1494 894 1563 sibi
931 1495 1182 1563 nubere
1224 1496 1479 1587 coegit:
1507 1507 1760 1586 postea
1797 1490 2032 1560 deinde
2069 1490 2203 1560 filia
2245 1493 2384 1585 ejus
2421 1518 2540 1587 per
2577 1493 2710 1560 vim
2757 1506 2901 1561 stu-

770 1615 1005 1696 prata,
1052 1603 1261 1696 ipsam
1306 1601 1591 1679 dimisit,
1648 1612 1720 1666 ut
1772 1621 2054 1695 vacuum
2107 1598 2325 1668 locum
2373 1600 2621 1692 nuptiis
2665 1598 2902 1693 puellae

772 1706 1038 1778 faceret.

876 1829 944 1901 6.
1002 1830 1504 1900 Consentaneus
1558 1829 1759 1923 igitur
1811 1828 2076 1922 regibus
2127 1831 2259 1898 suis
2316 1831 2527 1922 gentis
2584 1831 2906 1924 AEgyptiae

770 1937 1100 2033 populus:
1134 1940 1245 2032 qui
1279 1938 1484 2006 ductu
1517 1933 1824 2004 Archelai
1858 1934 2173 2004 adversus
2206 1938 2281 2003 A.
2316 1926 2721 2004 Gabinium⁴
2751 1962 2899 2005 moe

767 2046 962 2113 nibus
992 2046 1174 2113 urbis
1203 2068 1540 2140 egressus,
1568 2067 1777 2136 quum
1804 2057 2041 2109 castra
2062 2042 2253 2112 vallo
2289 2059 2500 2137 atque
2508 2042 2736 2133 fossa
2766 2050 2903 2111 cin—

761 2177 926 2246 gere
945 2148 1313 2246 juberetur,
1345 2151 1696 2220 universus
1727 2132 2185 2235 succlamavit,
2221 2164 2296 2217 ut
2324 2146 2403 2218 id
2426 2174 2600 2245 opus
2614 2150 2910 2244 publica.

753 2266 1061 2354 pecunia
1088 2258 1509 2350 facoendmn
1564 2258 1930 2326 locaretur.
1982 2256 2415 2350 Quapropter
2468 2255 2719 2326 deliciis
2769 2272 2907 2325 tam

767 2391 1042 2435 enerves
1071 2368 1271 2436 animi
1300 2366 1603 2459 spiritum
1644 2362 1971 2431 exercitus
2015 2364 2223 2431 nostri
2263 2366 2585 2434 sustinere
2622 2388 2756 2432 non
2792 2390 2907 2458 po-

767 2487 1057 2542 tuerunt.

878 2623 942 2695 7.
988 2596 1116 2667 Sed
1157 2612 1375 2666 tamen
1415 2594 1855 2663 effeminatior
1898 2592 2250 2663 multitudo
2290 2598 2689 2690 Cypriorum
2710 2581 2756 2679 ⁵,
2791 2596 2905 2688 qui

854 2815 898 2850 ι.
933 2797 1128 2850 Clavus.
1157 2796 1247 2849 Sic
1269 2795 1537 2849 Plutarch.
1565 2797 1623 2847 iu
1644 2795 1790 2847 Alex.

768 2889 822 2930 et
851 2876 1135 2930 Athenaeus
1157 2875 1477 2948 dipnosoph.
1511 2893 1534 2927 1
1549 2894 1578 2927 α
1599 2914 1615 2940 ,
1642 2893 1792 2928 men·

768 2958 967 3010 tionem
1005 2957 1205 3011 faciunt
1238 2956 1474 3027 Agnonis
1508 2955 1655 3020 Teii,
1698 2955 1790 3025 qni

769 3056 955 3090 aureos
979 3050 1069 3092 aut
1096 3050 1367 3108 mgenteos
1396 3036 1571 3089 clavus
1595 3035 1652 3087 in
1676 3049 1790 3087 cre-

767 3116 909 3188 pidis
922 3117 1219 3187 gestaverit.
1230 3114 1357 3170 Vid.
1373 3115 1510 3168 Plin.
1527 3115 1792 3178 XXXIII,

772 3200 828 3254 3.
844 3198 1106 3251 Ceterum
1127 3211 1180 3250 et
1197 3198 1372 3250 clavus
1395 3196 1595 3249 ferreos
1610 3195 1798 3249 calceis

769 3292 822 3332 et
848 3276 1081 3349 crepidis
1116 3279 1379 3347 subjectos
1402 3276 1630 3340 habere,
1665 3276 1796 3328 olim

768 3359 994 3429 vulgare
1023 3359 1141 3411 suit.
1178 3391 1258 3402 --
1307 3357 1589 3410 Penatibus.
1622 3357 1794 3409 Inter·

769 3439 924 3491 textis
945 3457 1010 3492 ex
1036 3457 1168 3491 auro
1189 3451 1242 3491 et
1261 3450 1478 3509 argento
1493 3475 1511 3501 ‚
1534 3454 1683 3489 more
1701 3453 1794 3487 au-

770 3518 991 3572 laeorum
1022 3531 1474 3590 sumptuosorum.

856 3618 908 3652 α.
938 3599 1242 3651 Ptolemoeus.
1272 3599 1372 3650 An.
1403 3597 1474 3651 U.
1500 3596 1626 3650 circ.
1659 3595 1791 3647 625.

768 3678 1290 3743 sustin.xxxV111;
1307 3677 1497 3730 Strabo
1507 3676 1666 3728 XVII
1680 3674 1797 3740 ;Jo·

770 3759 919 3830 seph.
935 3761 1061 3811 Ant.
1073 3759 1128 3810 11
1136 3798 1150 3812 .
1160 3790 1240 3800 -—-
1251 3753 1796 3810 Accesub.Gronovius

770 3837 837 3893 ad
860 3840 978 3892 Liv.
997 3839 1169 3902 XLV,
1194 3857 1225 3908 7
1245 3875 1262 3902 ,
1280 3838 1356 3891 sic
1379 3836 1629 3908 exponit:
1655 3835 1795 3887 Prae-

768 3919 985 3990 cipuum
1014 3920 1070 3971 in
1093 3917 1380 3971 Ptolemaeo
1401 3935 1510 3969 non
1535 3915 1636 3967 suit
1664 3915 1790 3986 ipse,

771 3998 863 4052 sed
891 4000 1017 4052 vitia
1038 4038 1052 4061 ‚
1085 4017 1313 4069 quorum
1343 3998 1512 4069 ipsum
1546 3994 1794 4048 accessio-

773 4098 894 4132 nem
923 4079 1004 4130 vel
1031 4093 1232 4150 partem
1266 4075 1484 4129 diceres.
1518 4074 1623 4127 Alii
1644 4094 1796 4125 acces-

769 4178 896 4212 310Ιὶίέ
905 4199 914 4210 .

1964 2796 1994 2846 3
2004 2835 2016 2847 .
2036 2795 2278 2867 Physcon.
2296 2795 2519 2849 Inflatus
2530 2837 2546 2862 ,
2561 2797 2908 2861 ventricosus,

1880 2892 2042 2946 quem
2060 2875 2307 2927 nonnulli
2337 2876 2494 2929 etiam
2521 2878 2659 2929 male
2677 2877 2908 2948 Everge·

1884 2968 1991 3007 tem
2016 2956 2071 3007 11
2099 2955 2396 3008 nominant.

1962 3042 2015 3097 4.
2055 3034 2332 3089 Gabinium.
2354 3037 2420 3089 A.
2440 3037 2515 3090 U.
2530 3038 2663 3106 698.
2685 3037 2907 3109 Dionys.

1887 3115 1990 3183 393
2021 3114 2136 3167 Liv.
2166 3116 2285 3169 CV.
2319 3117 2532 3170 Auletes
2562 3130 2785 3189 propter
2816 3116 2908 3168 sss-

1882 3195 2008 3265 gitia
2037 3195 2104 3247 ab
2142 3194 2512 3249 Alexandrinis
2538 3199 2766 3267 ejectus,
2809 3198 2910 3249 Ro-

1883 3294 2024 3327 mam
2050 3276 2287 3347 consugit
2302 3314 2320 3340 ‚
2339 3289 2393 3329 et
2413 3277 2621 3330 favente
2653 3277 2909 3348 Pompeio

1883 3354 2037 3427 petiit
2065 3376 2095 3409 a
2126 3369 2341 3420 senatu,
2369 3365 2430 3410 ut
2457 3358 2829 3411 restitueretur
2852 3357 2907 3408 in

1880 3453 2124 3504 regnum.
2153 3436 2328 3501 Quem
2354 3435 2550 3490 deinde
2572 3451 2695 3508 post
2718 3436 2912 3489 multas

1882 3517 2265 3570 controversias
2279 3512 2428 3579 (Vid.
2445 3516 2559 3571 Cic.
2573 3516 2641 3573 ad
2653 3514 2909 3580 Lentul.),

1882 3594 2025 3647 victo
2063 3609 2218 3667 atque
2263 3597 2582 3667 interempto
2615 3597 2909 3660 Archelao,

1884 3675 2115 3729 restituit
2142 3676 2420 3731 Gabinius.

1969 3756 2021 3808 5.
2045 3756 2342 3828 Cypriorum.
2364 3754 2492 3809 vid.
2519 3756 2906 3822 Athenaeus‚V.

1886 3836 2098 3907 Cyprus
2137 3836 2276 3889 inter
2306 3837 2431 3890 alias
2461 3836 2609 3889 orbis
2646 3850 2908 3890 terrarum

1883 3915 2078 3968 insulas
2106 3915 2473 3981 famosissima,
2504 3914 2705 3970 divitiis
2738 3919 2906 3970 abun-

1883 3993 2015 4048 dans
2044 4008 2098 4048 et
2126 3994 2273 4048 luxui
2300 3997 2592 4066 plurimum
2614 3994 2792 4050 dedita
2813 4037 2829 4063 ,
2849 4010 2909 4048 ut

1883 4074 2083 4127 Veneri
2108 4093 2305 4128 sacram
2339 4095 2454 4129 eam
2492 4077 2650 4129 fuisse
2684 4090 2905 4129 constet.

1886 4156 1962 4206 De
1989 4173 2091 4225 qua
2120 4153 2226 4208 vid.
2260 4154 2450 4210 Strabo
2478 4157 2533 4209 in
2565 4157 2849 4228 geograph.
