3143 5204
604 510 817 575 CAP.
876 509 1035 591 111,
1089 509 1225 575 DE
1280 474 1466 609 111st
1520 508 1643 572 ET
1692 508 1989 574 omo.
2219 503 2355 576 155

236 657 454 709 tamen
500 638 872 758 ³¹.iq⁰³f¹t⁰¹
916 637 1146 707 melius
1195 663 1331 706 non
1375 638 1669 723 dictum,
1651 663 1666 678 ·
1721 662 1874 705 nam
1919 641 2064 732 quis
2113 638 2360 733 populo

236 771 509 815 nomano
551 747 741 814 irasci
777 746 1104 838 sapienter
1141 743 1398 839 potest?

341 850 406 922 3.
455 855 691 945 Itaque
745 876 828 919 ne
879 848 972 919 illi
1018 850 1281 944 quidem
1337 816 1707 944 probandi,
1758 853 2061 969 quamvis
2110 852 2356 920 factum

234 984 464 1027 eorum
499 957 858 1027 nobilitatis
890 956 1238 1051 splendore
1265 971 1637 1050 protectum
1684 958 1802 1025 sit.
1788 959 1985 1050 qui,
2022 958 2201 1051 quod
2234 960 2356 1027 Cn.

236 1063 499 1132 Flavius
517 1063 562 1150 ²,
615 1062 993 1132 humillimae
1041 1063 1376 1157 quondam
1418 1065 1649 1149 sortis,
1688 1077 2039 1157 praeturam
2086 1064 2361 1158 adeptus

236 1187 373 1240 erat
402 1224 421 1256 ,
473 1171 709 1240 offensi
732 1224 753 1256 ,
803 1168 1081 1239 annulos
1143 1194 1376 1238 aureos
1437 1170 1855 1263 sibimetipsis
1883 1223 1901 1256 ‚
1947 1184 2013 1237 et
2060 1169 2363 1264 phaleras

236 1279 420 1371 equis
451 1279 583 1346 suis
612 1276 939 1346 detractas
971 1274 1660 1369 abjecerunt‚.doloris
1694 1278 2079 1369 impotentia
2105 1291 2361 1345 tantum

241 1410 368 1452 non
406 1383 656 1453 luctum
695 1384 995 1476 profecto
1030 1383 1263 1452 testati.

343 1496 410 1575 4.
452 1488 680 1558 Talis
666 1515 775 1558 irae
807 1504 1027 1558 motus
1064 1503 1179 1558 aut
1214 1487 1658 1582 singulorum,
1694 1503 1808 1557 aut
1843 1511 2211 1580 paucorum
2248 1488 2356 1556 ad-

241 1621 466 1664 versus
494 1594 815 1690 populum
844 1598 1265 1680 universum3
1295 1594 1730 1664 multitudinis
1757 1608 1975 1662 autem
2000 1620 2158 1690 erga
2183 1596 2362 1690 prin-

240 1704 412 1796 cipes
442 1727 521 1770 ac
553 1702 784 1788 duces,
815 1686 1199 1794 ejusmodi³:
1238 1699 1494 1769 Manlio
1522 1702 1860 1795 Torquato
1897 1700 2363 1795 amplissimam

240 1825 302 1878 et
354 1808 892 1902 gloriosissimam
937 1834 1021 1877 ex
1068 1809 1321 1877 Latinis
1374 1823 1443 1876 et
1495 1810 1854 1903 Campanis
1905 1808 2248 1877 victoriam
2296 1809 2364 1874 in

183 1968 188 1971 -
241 1915 470 1984 urbem
518 1916 865 1997 referenti,
917 1939 1123 2009 quum
1182 1916 1474 1983 seniores
1529 1940 1761 1983 omnes
1821 1914 2042 1983 laetitia
2090 1930 2365 1983 ovantes

242 2036 698 2109 occurrerent,
725 2022 1060 2115 juniorum
1083 2045 1280 2089 nemo
1298 2021 1560 2090 obviam
1581 2022 1899 2115 processit
1919 2072 1937 2104 ‚
1958 2022 2137 2115 quod
2158 2020 2362 2089 filium
2461 2106 2467 2111 .

242 2128 754 2213 adolescentem,
783 2128 1132 2197 fortissime
1162 2127 1476 2196 adversus
1508 2130 1859 2222 imperium
1895 2153 2084 2196 suum
2118 2126 2365 2222 praelia-

246 2250 418 2319 tum,
445 2237 659 2303 securi
690 2237 1134 2328 percussisset.
1162 2235 1420 2303 Miserti
1450 2249 1607 2302 sunt
1632 2233 1896 2327 aequalis
1919 2236 2113 2302 nimis
2137 2258 2369 2327 aspere

244 2344 491 2434 puniti3
530 2367 651 2410 nec
696 2342 943 2410 factum
992 2365 1222 2408 eorum
1269 2340 1590 2427 defendo,
1636 2340 1748 2409 sed
1788 2342 1900 2408 irae
1936 2343 2070 2408 vim
2113 2341 2369 2421 indice,

245 2472 384 2540 quae
424 2449 619 2516 unius
656 2448 935 2516 civitatis
970 2461 1037 2515 et
1070 2460 1293 2516 aetates
1330 2462 1397 2515 et
1433 2447 1714 2515 affectus
1749 2446 2040 2514 dividere
2072 2446 2294 2515 valuit.

351 2552 416 2624 5.
471 2553 852 2647 Eademque
914 2569 1171 2623 tanturn
1240 2555 1494 2648 potuit,
1553 2568 1627 2622 ut
1693 2555 2071 2622 universum
2138 2551 2366 2648 populi

244 2663 495 2728 romani
552 2647 964 2754 equitatum⁴
1015 2685 1052 2728 a
1102 2661 1303 2728 Fabio
1350 2659 1620 2728 consule
1671 2661 1755 2729 ad
1805 2661 2093 2729 hostium
2147 2663 2369 2755 copias

245 2767 729 2861 persequendas
765 2768 1032 2835 missum
1056 2819 1075 2852 ‚
1113 2792 1315 2861 quum
1355 2782 1420 2834 et
1458 2782 1602 2836 tuto
1648 2784 1713 2837 et
1762 2767 1949 2837 facile
1995 2793 2103 2836 eas
2148 2767 2370 2836 liceret

329 2999 374 3033 ι.
399 2981 685 3052 Aliquanto.
721 2980 917 3032 Merito
943 2977 1160 3049 quidem
1186 2977 1265 3030 di·
1344 2981 1588 3048 professo,
1633 2998 1862 3049 quocum
1908 2981 2029 3032 facit
2057 2981 2365 3033 Torrenius.

247 3062 348 3126 xit,
365 3061 494 3132 quia
511 3060 774 3131 repulsam
793 3077 900 3111 non
921 3073 997 3111 est
1015 3059 1261 3123 meritus3
1436 3060 1486 3111 3.
1531 3060 1802 3128 Ejusmodi.
1846 3063 1944 3111 An.
1976 3061 2047 3112 U.
2082 3066 2111 3122 4
2126 3080 2147 3111 1
2163 3061 2211 3111 3.
2253 3061 2367 3112 Liv.

247 3142 359 3193 viro
398 3155 576 3194 tamen
603 3139 750 3209 gravi
777 3152 830 3191 et
851 3140 1074 3209 sapienti
1103 3139 1263 3191 hone-
1354 3139 1518 3201 VIII,
1558 3159 1580 3190 1
1609 3159 1622 3202 ;
1647 3158 1791 3210 supr.
1812 3141 1865 3190 11
1883 3174 1898 3197 ,
1923 3159 1977 3208 7,
1998 3143 2059 3203 6;
2085 3142 2190 3204 vl,
2213 3160 2275 3208 9,
2304 3160 2348 3193 1.

246 3222 372 3274 ttius
401 3221 616 3283 suisset,
643 3238 751 3271 non
783 3217 990 3271 dixisse.
1435 3224 1485 3281 4.
1523 3219 1825 3289 Εᾳιιὶιαηυη.
1854 3219 2072 3289 Pighius
2087 3221 2369 3289 peditatum.

327 3323 377 3354 2.
405 3302 623 3353 Flauius.
655 3304 753 3350 An.
784 3299 851 3349 U.
893 3305 1020 3365 449.
1054 3298 1262 3360 Livius,
1352 3295 1457 3348 Sed
1500 3301 1735 3367 equitatui
1772 3299 1935 3367 magis
1983 3301 2267 3362 convenit,
2313 3315 2373 3354 ut

247 3382 352 3444 lx,
369 3385 471 3445 463
490 3380 627 3432 Geli.
646 3380 751 3441 vl,
772 3397 832 3446 93
850 3380 985 3430 Plin.
1002 3378 1263 3442 XXXIII,
1351 3377 1592 3428 mittatur
1640 3375 1707 3428 ad
1753 3378 1928 3430 hostes
1979 3379 2375 3450 persequendos

255 3480 295 3513 ι.
311 3461 382 3513 ni
399 3479 585 3512 omnes
601 3457 669 3511 de
686 3459 856 3510 curuli
879 3457 1125 3510 ulilitate
1145 3457 1262 3508 Fla·
1351 3474 1508 3527 quam
1531 3456 1787 3526 peditam.
1828 3459 2035 3509 Interea
2070 3472 2242 3512 tamen
2280 3479 2369 3512 ve-

248 3542 317 3592 vii
335 3542 440 3593 hoc
459 3551 756 3592 memorant
770 3577 786 3604 ,
805 3558 914 3591 non
932 3537 1000 3590 de
1015 3549 1259 3607 premi-a.
1351 3556 1470 3588 rum
1485 3548 1580 3601 est,
1594 3534 1797 3607 pedites
1814 3541 2087 3608 equitatum,
2103 3558 2128 3589 a
2145 3558 2251 3610 quo
2262 3542 2369 3610 jam

249 3621 380 3673 Plin.
396 3633 551 3690 negat
564 3658 581 3682 ‚
596 3631 892 3689 equestrem
909 3615 1152 3670 ordinem
1169 3617 1263 3669 ab·
1353 3617 1498 3669 fusus
1513 3615 1679 3668 hostis
1699 3629 1811 3669 erat
1825 3655 1840 3680 ,
1858 3618 2006 3688 sequi
2035 3620 2264 3670 noluisse
2277 3658 2290 3683 ,
2313 3633 2370 3672 ut

245 3701 424 3772 jecisse
445 3699 686 3752 annulos.
703 3697 832 3751 vid.
852 3717 995 3769 supr.
1017 3696 1098 3758 11,
1124 3696 1182 3760 5,
1208 3716 1257 3748 α.
1352 3697 1650 3748 observavit
1675 3696 1919 3748 Glarean.
1941 3717 2004 3750 ex
2026 3699 2143 3751 Liv.
2162 3700 2243 3762 11,
2277 3705 2309 3760 4
2317 3701 2368 3751 3.

252 3805 322 3813 -
341 3782 628 3850 lmpotenu'a
653 3790 834 3830 tantum
852 3797 947 3829 non
971 3778 1163 3828 luctum.
1184 3777 1264 3828 Ita
1351 3806 1430 3817 -—
1445 3777 1620 3828 Fabio.
1642 3777 1751 3840 Qui
1769 3777 2147 3842 intercesserat,
2166 3797 2235 3830 ne
2252 3797 2375 3848 pro-

251 3861 494 3913 Vorstius
515 3873 568 3911 et
591 3858 884 3911 Torrenius
907 3855 1149 3918 edidere3
1176 3856 1263 3906 Pi·
1353 3856 1692 3926 mulgaretur.
1731 3858 1830 3908 An.
1866 3857 1935 3908 U.
1971 3876 2101 3927 ²7²·
2131 3858 2247 3910 Liv.
2282 3860 2368 3922 11,

251 3940 398 4008 ghius
422 3953 600 3993 amem
632 3950 687 3989 et
718 3938 893 3990 Coler.
919 3938 1261 4007 isapotmtiam,
1360 3937 1460 3999 433
1503 3936 1723 4006 Dionys.
1778 3936 1887 3996 1x;
1928 3939 2115 3989 Zonar.
2158 3938 2251 3989 xl.
2294 3970 2375 3980 —

255 4032 429 4070 tantm
450 4039 546 4070 nou
573 4021 764 4068 luctum.
784 4017 1090 4070 Gronovius
1102 4007 1270 4079 malit,
1354 4015 1537 4066 Facile.
1567 4015 1683 4066 Hoc
1708 4014 1829 4068 ideo
1858 4014 1987 4068 dicit
2004 4057 2018 4081 ,
2058 4036 2126 4069 ne
2158 4016 2373 4071 videan-

255 4101 590 4167 apamiam
630 4110 811 4148 tamum
854 4099 986 4148 luctu
1017 4098 1264 4167 μισ-βψω
1356 4108 1442 4146 tur
1460 4096 1699 4165 periculo
1717 4108 1807 4148 aut
1829 4094 2009 4148 labore
2027 4095 2265 4150 deterriti
2284 4097 2372 4151 de·

257 4178 556 4234 Perizonius
602 4181 920 4247 impotentiam
963 4191 997 4228 e.
1046 4197 1091 4227 n.
1136 4176 1267 4226 luctu
1356 4186 1598 4226 trectasse
1623 4176 1898 4245 impetum.
