3143 5204
711 502 926 570 CAP.
983 503 1069 587 v,
1123 502 1263 569 DE
1318 501 1855 570 REPUles.
2248 499 2343 597 39

221 635 339 704 sibi
380 634 463 702 ab
504 656 590 703 eo
634 634 1100 728 exprobratam
1132 633 1538 727 judicantes,
1585 634 1752 701 iram
1802 655 1990 701 suam
2034 632 2350 702 adversus

221 739 765 811 contumeliosam
804 740 944 833 ejus
983 741 1423 809 urbanitatem
1460 739 1978 808 destrinxerunt:
2017 740 2215 834 igitur
2255 741 2345 808 ci-

222 850 386 919 vitas
426 862 663 917 nostra
703 846 1019 916 nobilium
1054 847 1374 940 juvenum
1421 847 1683 940 ingenia
1724 846 1808 914 ab
1850 845 2195 915 insolentia
2239 870 2350 912 re·-

222 953 561 1041 vocandO,
586 977 864 1048 magnos
895 968 962 1040 et
996 951 1187 1022 utiles
1214 954 1392 1021 cives
1428 951 1587 1021 fecit
1610 978 1629 1039 3
1655 951 2148 1045 honoribusque
2169 1006 2186 1039 ‚
2214 975 2352 1020 non

222 1060 534 1154 patiendo
571 1083 686 1129 eos
710 1084 750 1129 a
783 1060 1026 1129 securis
1047 1058 1064 1083 ¹
1106 1060 1241 1154 peti
1259 1112 1280 1147 ,
1315 1059 1611 1128 debitum
1648 1060 2054 1128 auctoritatis
2091 1057 2352 1153 pondus

224 1165 474 1261 adjecit.

328 1285 398 1356 3.
454 1284 700 1356 Nullus
739 1310 927 1355 error
965 1284 1110 1354 talis
1152 1287 1218 1353 in
1261 1288 1337 1354 L.
1380 1284 1646 1354 AEmilio
1693 1284 1920 1354 Paullo
1963 1297 2355 1377 conspectus

226 1408 356 1476 est3
383 1392 505 1462 sed
534 1406 759 1461 tamen
784 1391 1124 1486 aliquoties
1158 1391 1400 1461 frustra
1432 1390 1848 1461 consulatum
1876 1392 2061 1486 petiit
2084 1388 2137 1476 ²3
2163 1389 2357 1457 idem·

227 1524 387 1594 que,
417 1522 629 1594 quum
656 1500 794 1592 jam
828 1523 1139 1595 campum
1174 1496 1452 1594 repulsis
1484 1501 1617 1568 suis
1651 1500 2020 1592 fatigasset,
2049 1496 2150 1565 his
2189 1521 2356 1565 con-

228 1605 319 1675 sul
349 1621 423 1676 et
447 1630 690 1677 censor
715 1605 958 1691 factm,
997 1605 1468 1728 amplissimum
1505 1605 1844 1700 dignitatis
1875 1603 2154 1698 gradum
2189 1603 2360 1671 obti-

229 1715 408 1782 nuit:
435 1713 631 1807 cujus
662 1715 972 1782 virtutem
1000 1714 1254 1807 injuriae
1280 1738 1417 1783 non
1452 1713 1829 1808 fregerunt,
1856 1711 1971 1780 sed
2001 1716 2362 1796 acuerunt,

230 1821 544 1915 quoniam
575 1819 892 1913 quidem
875 1844 1015 1916 ipsa
1041 1835 1199 1890 nota
1230 1842 1576 1889 accensam
1614 1804 2084 1915 cupiditatem³
2122 1817 2361 1886 summi

232 1927 503 1997 honoris
562 1926 1008 1997 ardentiorem
1066 1927 1151 1996 ad
1209 1929 1476 1998 comitia
1536 1925 1810 2013 detulit,
1861 1939 1937 1993 ut
1994 1922 2314 2020 populum
2345 1978 2365 2010 ‚

231 2058 427 2127 quem
464 2032 823 2103 nobilitatis
857 2032 1204 2129 splendore
1230 2049 1300 2103 et
1331 2035 1532 2102 animi
1559 2035 1752 2103 bonis
1781 2057 2050 2101 movere
2080 2056 2215 2099 non
2243 2055 2359 2125 po·

236 2155 485 2227 tuerat,
513 2141 875 2234 pertinacia
916 2143 1230 2210 vinceret.

333 2263 385 2346 4
434 2260 523 2349 Q.
559 2275 781 2329 autem
810 2257 1149 2331 Caecilium
1181 2246 1568 2328 Metellum⁴
1593 2260 1784 2353 pauci
1811 2273 1879 2327 et
1901 2258 2114 2327 moesti
2139 2256 2368 2340 amici,

236 2365 620 2435 consulatus
660 2367 922 2463 repulsa
963 2366 1319 2449 afflictum,
1352 2365 1614 2434 tristitia
1649 2390 1726 2433 ac
1766 2363 2008 2431 rubore
2049 2360 2319 2491 plenum
2345 2413 2365 2445 ,

238 2470 510 2542 domum
537 2472 993 2543 reduxerunt:
1028 2473 1335 2543 eumdem
1376 2471 1458 2541 de
1496 2454 2104 2588 Pseudophilippo⁵
2136 2469 2370 2535 trium-

239 2580 553 2674 phantem
599 2582 943 2650 universus
983 2594 1247 2650 senatus
1292 2578 1511 2649 laetum
1554 2592 1624 2647 et
1666 2576 2006 2646 alacrem
1989 2601 2056 2644 in
2101 2573 2370 2668 Capito-

240 2685 396 2756 lium
439 2701 886 2784 prosequutus
930 2701 1046 2755 est.
1088 2687 1358 2756 Achaici
1401 2686 1597 2754 etiam
1652 2682 1852 2768 belli,
1892 2685 1998 2753 cui
2051 2705 2376 2752 summam

1353 2897 1527 2952 Coler.
1553 2908 1608 2949 et
1623 2896 1804 2948 Vorst.
1835 2892 2122 2947 edidissent
2151 2909 2375 2943 accensus

1352 2977 1673 3049 cupiditatem.

244 2900 296 2953 in
330 2898 573 2959 urbanas,
604 2898 928 2961 suburbanas,
962 2916 1080 2970 qno
1117 2910 1267 2952 eram

245 2980 719 3041 libafinomm,et
748 2982 978 3041 rusticas,
1008 2979 1266 3050 ingenuo·

249 3079 363 3114 rum
386 3076 516 3114 rnre
537 3055 862 3129 degentium.

330 3159 380 3194 ι.
416 3139 627 3194 Securis.
655 3137 725 3191 Id
760 3152 867 3205 est,
894 3138 988 3210 qui
1025 3139 1155 3192 certi
1187 3157 1268 3191 es·

251 3234 385 3286 uuit,
410 3240 467 3273 se
491 3229 740 3271 votorum
769 3231 1037 3290 compotes
1062 3220 1270 3272 futuro·

253 3319 371 3354 ense.
406 3295 642 3366 Quasdam
667 3297 952 3353 ediderunt
991 3318 1024 3350 a
1062 3302 1265 3361 scurris,

254 3379 391 3451 quod
416 3381 650 3433 alienum
675 3392 757 3434 est
772 3418 787 3447 ,
803 3395 976 3451 neque
998 3397 1119 3432 cum
1140 3397 1274 3451 prn-

254 3459 554 3514 cedentibus
577 3459 891 3512 clarissimum
913 3460 1069 3511 tannen
1084 3477 1275 3512 conve·

255 3542 364 3595 nire
384 3538 616 3596 videtur.

334 3636 383 3676 s.
411 3622 583 3674 Periit.
601 3619 760 3673 Teate
784 3618 1004 3672 Aurelio
1024 3619 1272 3683 Victore,

259 3702 345 3772 qui
386 3709 622 3756 narrat:
673 3699 909 3770 primo
954 3699 1276 3761 consulatu,

260 3799 409 3853 quem
433 3794 550 3852 post
585 3790 677 3832 tres
697 3780 909 3850 repuhas
930 3770 1107 3846 (anno
1130 3779 1277 3831 urbis

266 3862 400 3931 567,
440 3864 547 3930 68,
585 3864 660 3928 69
682 3855 703 3920 )
747 3857 968 3932 adeptus
1022 3870 1165 3920 erat,
1209 3856 1278 3910 de

262 3941 531 4013 Liguribus
559 3940 978 4009 triumphavit.-
1001 3937 1131 3992 Vid.
1159 3938 1276 3991 Liv.

264 4021 495 4076 XXXIX
520 4036 575 4075 et
606 4021 803 4073 XLIV.

339 4102 389 4154 3.
432 4102 701 4155 Accensam
732 4099 1053 4170 cupiditatem.
1093 4098 1179 4151 Sic
1215 4117 1281 4151 ex

270 4180 1113 4248 eodd.‘1·omn.restituit‚qm1m
1128 4178 1278 4249 Pigh.

1436 3064 1489 3121 4.
1532 3054 1797 3109 Metellum.
1830 3055 1934 3107 An.
1975 3053 2047 3105 U.
2087 3053 2194 3107 608
2236 3065 2291 3104 et
2320 3071 2373 3119 9.

1356 3137 1537 3189 Ani-el.
1576 3136 1722 3189 Vict.
1767 3133 1911 3187 LXI.
1970 3135 2071 3185 An.
2122 3131 2193 3185 U.
2242 3135 2376 3201 607.

1355 3219 1496 3288 App.
1544 3216 1731 3268 Punic.
1786 3215 1889 3266 An.
1932 3213 2002 3265 U.
2059 3216 2190 3264 606.
2238 3211 2376 3263 Just.

1355 3297 1616 3361 XXXIV,
1642 3315 1693 3347 a.
1707 3326 1787 3335 —
1802 3294 2029 3364 Repulsa.
2044 3292 2254 3344 Invisus
2271 3291 2382 3362 ple-

1357 3377 1411 3429 hi
1429 3377 1501 3428 ob
1519 3375 1740 3427 nimiam
1761 3372 2091 3427 severitatem
2105 3409 2121 3436 ‚
2140 3370 2271 3424 duas
2292 3383 2381 3422 tu·

1356 3457 1421 3509 lit
1448 3455 1701 3526 repulsas.
1732 3486 1813 3495 —
1844 3454 2115 3524 Afflictum.
2162 3451 2384 3522 Pighius

1358 3537 1521 3589 trium
1548 3533 1705 3588 codd.
1732 3532 1977 3586 vitiosam
2001 3532 2282 3585 lectionem
2309 3532 2388 3597 afi-

1346 3618 1529 3687 flatum
1554 3615 1754 3685 recepit
1767 3650 1783 3679 ,
1797 3613 1928 3685 quin
1946 3614 2111 3666 immo
2123 3610 2261 3663 hanc
2279 3610 2385 3663 ele-

1361 3708 1574 3770 gentem
1594 3714 1705 3748 esne
1724 3692 1977 3765 loquendi
1995 3691 2276 3745 formulam
2302 3708 2387 3743 ar·

1361 3777 1610 3830 binatur.
1648 3773 1752 3827 Sed
1793 3774 1992 3845 afflatus
2023 3771 2210 3842 repulsa
2237 3770 2390 3824 nullo

1362 3854 1527 3909 modo
1539 3856 1702 3908 latine
1717 3853 1822 3906 dici
1839 3866 1981 3907 recte
1995 3852 2394 3905 affimantTor-

1365 3956 1479 3990 ren.
1511 3949 1564 3990 et
1593 3935 1851 4007 Kappius.

1452 4017 1506 4070 ⁵.
1538 4016 1814 4086 Pseudoplu
1806 4016 1961 4085 lippo.
1994 4014 2194 4063 Verum
2220 4013 2269 4064 ei
2294 4029 2392 4063 no-

1370 4117 1490 4149 men
1519 4097 1623 4150 fuit
1647 4094 1942 4149 Andrisco.
1970 4092 2062 4164 qui
2087 4091 2260 4143 Persei
2277 4086 2328 4152 (
2308 4110 2394 4161 Ju-

1372 4190 1459 4231 xta
1471 4176 1603 4230 alios
1615 4175 1854 4247 Philippi
1870 4194 1936 4227 ex
1950 4172 2242 4226 concubina
2259 4166 2397 4232 nati)

1924 4269 2010 4350 34
