3143 5204
1102 440 1542 521 VALERII
1612 438 2020 505 MAXIMI
2088 439 2275 506 LIB.
2334 439 2560 507 VIII.

883 569 946 642 5.
992 561 1210 664 Atque
1243 583 1321 638 ut
1358 569 1865 665 imperatoribus
1910 568 2266 665 gloriosum
2322 570 2543 640 militis
2589 574 2889 667 spiritum

774 677 1154 747 subnectam
1179 730 1198 762 ‚
1240 678 1611 770 Scipionem
1633 675 1648 699 ¹
1693 675 1868 745 dona
1884 675 2209 745 militaria
2246 678 2358 764 iis,
2397 679 2508 771 qui
2553 693 2890 747 strenuam

774 807 1044 877 operam
1067 782 1436 871 ediderant,
1453 782 1856 852 dividentem
1870 836 1889 869 ,
1906 785 1980 851 T.
2003 783 2363 869 Labienus,
2392 783 2668 874 utsorti
2686 789 2902 879 equiti

774 913 1024 959 aureas
1053 891 1364 961 armillas
1401 889 1753 975 tribueret,
1790 888 2171 976 admonuit3
2214 914 2423 984 eoque
2467 906 2782 984 negante,
2824 916 2900 959 se

774 995 1222 1085 idsactumm
1243 1050 1265 1084 ,
1301 1021 1395 1065 ne
1429 1002 1798 1066 castrenses
1831 996 2046 1065 honos
2080 1003 2152 1065 in
2175 1021 2258 1065 eo
2271 1050 2290 1083 ,
2329 1002 2453 1090 qui
2472 999 2697 1093 paulo
2732 1012 2901 1066 ante

774 1109 1118 1191 servisset,
1156 1105 1566 1189 violaretur,
1598 1103 1736 1198 ipse
1762 1127 1841 1171 ex
1877 1102 2098 1197 proeda
2132 1101 2395 1198 gallica²
2428 1127 2662 1172 aurum
2694 1106 2900 1197 equiti

777 1206 1049 1302 largitus
1084 1224 1222 1296 est;
1266 1235 1390 1279 nec
1431 1212 1628 1280 tacite
1670 1208 1739 1279 id
1776 1210 2035 1340 Scipio
2034 1208 2217 1297 tulit3
2267 1233 2421 1279 nam
2466 1211 2708 1305 equiti,
2743 1213 2901 1279 Ha-

779 1314 994 1401 bebis,
1040 1315 1288 1410 inquit,
1327 1316 1581 1386 donum
1615 1322 1752 1386 viri
1779 1301 2055 1387 devitas&
2096 1315 2275 1411 quod
2308 1317 2421 1385 ubi
2464 1315 2572 1385 ille
2613 1317 2902 1410 accepit,

779 1421 1077 1514 projecto
1110 1436 1265 1492 ante
1296 1424 1498 1518 pedes
1532 1424 1810 1493 Labieni
1842 1446 2039 1509 auro,
2067 1409 2372 1492 vultum⁴
2402 1422 2678 1492 demisit.
2709 1422 2903 1491 Idem

779 1540 856 1595 ut
880 1526 1086 1596 audiit
1109 1530 1484 1624 Scipionem
1511 1529 1871 1615 dicentem,
1901 1534 2291 1625 Imperator
2315 1545 2383 1598 te
2412 1534 2759 1624 argenteis·
2789 1553 2902 1598 ae·-

779 1634 983 1702 melleis
1021 1634 1276 1722 donat,
1324 1634 1541 1706 alacer
1583 1622 1860 1732 gaudio⁵
1911 1636 2085 1705 abiit.
2138 1633 2338 1705 Nulla
2377 1650 2477 1705 est
2517 1660 2678 1730 ergo
2719 1650 2906 1705 tanta

782 1739 1154 1829 humilitas,
1189 1767 1334 1836 quae
1373 1741 1720 1812 dulcedine
1763 1741 1986 1837 gloriae
2027 1766 2162 1811 non
2204 1756 2529 1836 tangatur.

891 1844 957 1915 6.
1005 1845 1127 1916 Illa
1169 1873 1331 1919 vero
1365 1850 1565 1918 etiam
1606 1873 1646 1917 a
1688 1849 1879 1918 claris
1920 1849 2079 1918 viris
2120 1848 2450 1917 interdum
2493 1871 2576 1916 ex
2612 1845 2906 1916 humilli-

784 1953 906 2020 mis
944 1952 1140 2022 rebus
1169 1956 1373 2049 petita
1407 1970 1543 2040 est3
1582 1980 1736 2025 nam
1771 1954 1923 2049 quid
1960 1956 2080 2024 sibi
2115 1953 2327 2024 voluit
2361 1958 2436 2025 C.
2473 1938 2751 2022 Fabius⁶
2786 1979 2906 2023 no·

783 2056 1134 2129 bilissimus
1162 2060 1365 2132 civis?
1386 2063 1499 2156 qui
1532 2088 1737 2156 quum
1769 2065 1836 2129 in
1872 2062 2009 2131 aede
2031 2059 2317 2148 Salutis⁷,
2345 2084 2542 2154 quam
2574 2063 2650 2129 C.
2671 2062 2908 2128 Junius

785 2163 1118 2236 Bubulcus
1143 2167 1592 2254 dedicaverat,
1622 2170 1901 2263 parietes
1928 2170 2276 2263 pinxisset,
2313 2192 2556 2236 nomen
2582 2167 2685 2234 his
2714 2192 2908 2236 suum

786 2271 1153 2365 inscripsit;
1197 2273 1265 2343 id
1308 2277 1483 2345 enim
1527 2274 1795 2344 demum
1842 2276 2209 2343 ornamenti
2257 2273 2520 2342 familiae
2555 2272 2911 2342 consulati·

784 2375 942 2465 buS,
979 2392 1047 2447 et
1077 2381 1488 2466 sacerdotiis,
1511 2396 1581 2450 et
1609 2382 1963 2476 triumphis
1998 2380 2437 2453 celeberrimae
2476 2379 2720 2448 deerat.
2764 2382 2911 2449 Cae-

788 2496 1002 2552 terum
1048 2474 1352 2557 sordido⁸
1396 2488 1614 2557 studio
1650 2487 1942 2556 deditum
1987 2489 2344 2582 ingenium,
2385 2484 2914 2581 qualemcunque

792 2586 974 2658 illum
1022 2590 1312 2663 laborem
1368 2620 1560 2664 suum
1620 2593 1878 2663 silentio
1929 2593 2262 2664 obliterari
2321 2592 2565 2679 noluit,
2608 2591 2917 2663 videlicet

789 2695 1039 2767 Phidiae
1074 2715 1338 2770 secutus
1380 2700 1752 2795 exemplum
1775 2755 1794 2788 ,
1838 2704 1951 2796 qui
1988 2701 2218 2796 clypeo
2258 2703 2577 2770 Minervae
2618 2700 2915 2795 effigiem

790 2824 977 2871 suam
995 2804 1277 2891 inclusit,
1295 2831 1426 2901 qua
1441 2806 1779 2894 convulsa,
1794 2822 1934 2877 tota
1947 2809 2165 2904 operis
2179 2806 2505 2902 colligatio
2523 2805 2915 2876 solveretur.

787 463 926 509 120

1898 3025 2051 3077 alacri
2064 3023 2264 3094 gaudio.
2288 3020 2393 3076 Sed
2410 3035 2551 3076 recte
2567 3022 2793 3074 omnino
2811 3024 2919 3074 ala-

1898 3124 1978 3156 cer
2003 3104 2203 3173 gaudio.
2241 3101 2448 3155 Phaedr.
2487 3102 2572 3163 11,
2608 3101 2672 3167 5,
2719 3099 2920 3167 2130d

1897 3202 2054 3255 quem
2085 3183 2261 3235 locum
2291 3181 2413 3234 vide
2454 3199 2571 3252 quae
2601 3179 2828 3235 adduxit
2852 3182 2918 3235 cl.

1896 3264 2248 3315 Burmannus.

1980 3347 2035 3395 6.
2069 3342 2268 3394 Fabius.
2298 3343 2401 3395 An.
2431 3342 2500 3394 U.
2540 3340 2672 3403 451.
2703 3341 2919 3405 Livius,

1897 3423 2010 3487 IX;
2043 3422 2180 3475 Plin.
2216 3422 2474 3486 XXXIV,
2503 3427 2569 3486 43
2599 3420 2721 3473 Cic.
2756 3423 2920 3474 Tusc.

1900 3503 1954 3566 Ι,
1981 3502 2083 3568 153
2113 3501 2347 3555 deOrat.
2369 3501 2450 3565 11,
2482 3498 2753 3569 1730rat.
2783 3519 2881 3570 7¹·

1981 3601 2038 3652 7.
2078 3582 2288 3642 Salina,
2324 3580 2378 3632 in
2411 3580 2695 3646 Quirinali.
2722 3612 2803 3623 —
2838 3581 2921 3633 Ia-

878 3040 925 3074 1.
968 3023 1249 3094 Scipionem.
1280 3025 1381 3079 An.
1424 3027 1495 3079 U.
1530 3043 1662 3094 707.
1711 3026 1810 3077 Fa·

791 3114 934 3156 ctum
958 3105 1100 3158 bello
1121 3107 1262 3160 civil.
1287 3107 1343 3158 in
1366 3106 1557 3158 Afrioe.
1573 3105 1653 3157 De
1674 3105 1810 3157 donis

793 3191 1073 3246 villicae-ihus
1104 3188 1211 3241 vid.
1243 3205 1417 3259 supra.
1448 3218 1526 3248 -‚-
1554 3186 1806 3239 Armillas.

794 3276 1119 3327 ornamenta
1136 3268 1464 3321 sinistrarum
1476 3303 1493 3330 ,
1510 3266 1707 3336 quibus
1724 3264 1810 3317 Sa-

793 3352 904 3407 bini
935 3351 1178 3420 Gallique
1208 3347 1472 3419 prascipue
1506 3346 1807 3399 utebantur.

879 3453 929 3485 π.
979 3430 1195 3483 Gallica.
1223 3429 1406 3492 Quum
1437 3425 1614 3497 Scipio
1644 3425 1811 3495 impc-

793 3525 938 3567 rator
983 3510 1147 3581 equiti
1199 3507 1427 3560 armillas
1469 3524 1651 3558 aureas
1685 3503 1811 3556 dare

795 3593 963 3647 nollet
979 3630 994 3655 ‚
1021 3589 1144 3643 fecit
1172 3588 1274 3640 hoc
1302 3587 1566 3640 Labienus
1596 3583 1664 3636 de
1684 3603 1812 3649 suo,

795 3686 849 3726 et
871 3670 1086 3744 quidem
1110 3688 1173 3722 ex
1202 3664 1380 3740 praeda
1398 3704 1415 3732 ‚
1433 3684 1594 3737 quam
1612 3676 1731 3716 ante
1756 3663 1813 3716 in

796 3753 971 3807 Gallia
1001 3749 1220 3820 adeptus
1248 3747 1432 3800 fuerat.

882 3833 935 3885 3.
982 3833 1176 3883 Divitis.
1212 3827 1332 3880 Non
1369 3826 1435 3879 ab
1467 3826 1814 3896 imperatore,

799 3911 888 3965 sed
907 3931 935 3964 a
954 3910 1116 3964 divite
1134 3920 1340 3963 tantum
1359 3906 1595 3959 Labieno
1613 3903 1813 3956 datum.

883 3999 934 4054 4.
983 3991 1198 4042 Vultum.
1242 3989 1305 4040 In
1333 3987 1540 4056 signum
1578 3982 1816 4053 indigna·

800 4072 976 4124 tionis.

886 4153 936 4205 5.
978 4151 1162 4202 Alacer
1208 4147 1404 4217 gaudeo.
1450 4144 1597 4199 Harl.
1639 4156 1691 4195 et
1731 4143 1816 4195 alii

1901 3665 2107 3733 scripsit.
2121 3663 2300 3727 Quare
2318 3660 2497 3713 Pictor
2510 3660 2801 3731 appellatus
2814 3674 2892 3713 est
2906 3699 2923 3726 ‚

1904 3740 2046 3795 unde
2068 3753 2245 3813 postea
2269 3740 2418 3793 Fabii
2437 3741 2688 3793 Pictores.

1986 3824 2037 3876 8.
2079 3820 2287 3874 Sordida
2325 3820 2502 3872 studio.
2532 3819 2791 3871 Sordidum
2821 3832 2923 3871 stu-

1903 3901 2034 3954 dium
2062 3913 2215 3954 vocat
2246 3913 2411 3952 artem
2440 3898 2714 3971 pingendi,
2744 3918 2924 3971 respe-

1905 3994 1995 4034 ctu
2038 3982 2185 4034 Fabii
2231 3979 2540 4032 nobilissimi
2583 3980 2719 4038 viri,
2762 3998 2923 4050 quem

1906 4061 2280 4133 rempublicam
2325 4071 2577 4122 tractare,
2626 4078 2731 4110 non
2771 4060 2925 4130 peni-

1906 4142 2084 4194 cillum
2100 4178 2111 4196 .
2142 4138 2382 4193 decebat.
