3143 5204
409 480 615 548 CAP.
662 482 760 563 X,
805 479 944 547 DE
985 477 1985 563 PRONUNTIATIONE,
2024 495 2145 549 etc.
2232 479 2369 552 103

358 609 424 681 3.
463 614 609 679 Jam
651 612 748 707 Μ.
789 611 1026 683 Cicero
1060 623 1383 706 quantum
1426 611 1493 678 in
1537 624 1816 706 utraque
1852 637 1957 698 re,
2000 612 2082 682 de
2119 638 2249 707 qua
2288 613 2373 684 lo·

247 717 544 810 quimur,
578 718 896 787 momenti
932 718 1049 805 sit,
1083 715 1420 786 oratione¹
1460 741 1658 812 quam
1697 744 1820 813 pro
1858 717 2078 789 Gallio
2109 720 2375 808 habuit,

245 824 676 918 significavit,
732 826 827 895 M.
893 822 1150 896 Calidio
1211 825 1580 894 accusatori
1637 825 2142 920 exprobrande,
2195 777 2375 922 quod

229 946 714 1026 proeparatum
740 931 874 1001 sibe·
896 953 942 1001 a
968 957 1084 1000 reo
1115 954 1446 1001 venetum
1457 986 1478 1019 ,
1514 932 1797 1002 testibus
1811 986 1831 1019 ,
1866 933 2368 1029 chiJ-‘ographllg

237 1037 735 1131 quaestiom‘bus
764 1064 838 1109 se
854 1037 1313 1135 probaturum
1341 1038 1715 1126 affirmans,
1746 1039 2019 1111 remisso
2053 1039 2273 1127 vultu,
2307 1057 2374 1110 et

240 1143 556 1240 languida
599 1170 798 1232 voce,
833 1160 902 1215 et
937 1145 1152 1215 soluto
1190 1170 1429 1240 genere
1465 1147 1783 1216 orationis
1816 1171 1975 1216 usus
2008 1163 2206 1227 esset:
2247 1172 2371 1242 pa—

241 1251 532 1345 riterque
567 1266 636 1321 et
674 1253 954 1323 oratoris
996 1254 1227 1322 vitium
1273 1252 1551 1337 detexit,
1599 1267 1666 1322 et
1697 1277 1909 1322 causae
1946 1252 2372 1348 periclitantis

238 1373 706 1451 argumentum
756 1359 1033 1452 adjecit,
1087 1373 1304 1453 totum⁴
1340 1360 1520 1429 bunc
1566 1358 1787 1445 locum
1832 1362 1922 1430 ita
1965 1359 2367 1433 claudendo:

249 1467 348 1532 Tu
387 1465 607 1553 istud,
649 1469 749 1535 M.
792 1465 1055 1553 Calidi,
1100 1468 1592 1561 mifingeres,
1642 1473 1741 1536 sic
1780 1465 2145 1562 ageres²?·

341 1641 440 1694 DE
480 1640 1133 1695 PRONUNTIATIONE
1173 1643 1267 1695 ET
1308 1642 1499 1696 APTO
1540 1644 1753 1697 MOTU
1794 1644 2148 1698 CORPORIS
2189 1644 2266 1697 IN

1114 1739 1488 1795 EXTERNIS.

341 1884 880 1967 Consentaneum
921 1882 1078 1951 huic
1102 1882 1573 1957 Demosthenis
1597 1883 1920 1976 judicium
1935 1870 1957 1907 ³
1981 1908 1997 1951 ε
2020 1888 2137 1979 qui
2160 1909 2365 1979 quum

242 1992 789 2082 interrogaretur,
810 1987 1141 2082 quidnam
1163 2004 1342 2057 esset
1361 1994 1433 2057 in
1459 1989 1747 2059 dicendo
1775 1990 2326 2081 efficacissimum
2337 2045 2359 2077 ,

239 2094 610 2188 respondit,
643 2102 733 2170 ἡ
721 2095 1049 2188 Βπόκρισις.
1091 2097 1346 2163 Iterum
1376 2094 1614 2167 deinde
1648 2110 1717 2165 et
1752 2098 1949 2166 tertio
1980 2096 2363 2192 interpella·
2424 2102 2431 2109 “

241 2214 381 2287 tus,
427 2201 603 2270 idem
643 2200 844 2288 dixit,
886 2225 1118 2339 paene
1125 2215 1338 2271 totum
1391 2225 1459 2270 se
1511 2200 1601 2270 illi
1657 2201 1900 2272 debere
1949 2204 2361 2274 confitendo:

240 2321 412 2377 recte
464 2309 685 2402 itaque
730 2294 1118 2378 AEschines⁴
1134 2361 1153 2393 ,
1191 2328 1398 2402 quum
1444 2322 1720 2403 propter
1754 2308 2134 2403 judicialem
2182 2311 2363 2406 igno-

318 2504 366 2537 ι.
390 2484 644 2537 Oratione.
660 2482 824 2554 Cujus
842 2483 1132 2554 stragmenta
1143 2495 1256 2537 tan·

1427 2504 1480 2538 ².
1526 2485 1730 2553 Aget-es.
1770 2484 1963 2538 Sensus
2000 2498 2125 2539 est:
2157 2486 2199 2540 si
2239 2505 2363 2540 vera

233 2578 343 2619 tum
370 2576 684 2637 supersunt,
710 2583 740 2617 e
757 2563 1090 2631 Quintiliano
1111 2564 1251 2619 aliis-
1339 2576 1544 2631 essent,
1575 2583 1694 2637 qum
1734 2563 1971 2619 Calidius
1999 2566 2231 2640 profert,
2259 2586 2365 2620 ma-

233 2666 333 2718 que
382 2647 608 2700 collecta
652 2663 682 2698 ι
723 2645 855 2699 viris
900 2644 1086 2699 doctis.
1146 2646 1246 2698 An.

232 2727 299 2778 U.
317 2728 454 2797 687.
472 2725 858 2779 Vid.Ciceron.
887 2725 943 2778 in
971 2726 1122 2778 Brut.
1144 2744 1246 2796 793

229 2807 420 2872 Quint.
438 2807 550 2869 xl,
581 2807 643 2872 ἃς
670 2805 862 2862 Euseb-
889 2824 1040 2860 num.
1069 2809 1244 2875 1961„

229 2887 365 2940 Plio.
383 2887 529 2948 VII,
547 2888 639 2941 30.
662 2918 743 2928 -
764 2885 978 2959 Utraque
998 2906 1095 2947 res,
1125 2897 1250 2939 sunt

227 2986 389 3021 sonus
412 2967 559 3020 vocis
586 2979 641 3020 et
669 2979 845 3020 motus
874 2965 1132 3038 corporis„
1169 2997 1250 3008 —

230 3047 416 3101 Soluto.
432 3048 558 3102 Non
570 3047 774 3101 intensa
785 3046 1025 3101 oratione
1034 3084 1052 3112 ,
1067 3064 1248 3118 quem·

228 3125 520 3181 admodum
555 3128 635 3180 rei
674 3126 917 3181 atrocitas
959 3127 1246 3198 exegit.—

233 3206 406 3260 Cam
439 3208 761 3279 periclitantis
794 3219 1121 3277 argmentum
1154 3205 1246 3257 ad-

223 3291 354 3356 secie.
409 3287 578 3346 Causa
617 3287 936 3358 periclitantis
977 3300 1056 3340 est
1091 3304 1245 3340 causa

230 3368 328 3432 rei,
360 3366 522 3421 Gallia·
545 3386 753 3440 nempe.
775 3367 1017 3420 Perizon.
1040 3378 1092 3420 et
1108 3368 1245 3419 Tor-

231 3448 406 3501 renius
442 3449 760 3519 periclitantis
800 3444 866 3499 ad
913 3467 1071 3499 causoe
1110 3446 1246 3500 refe·

231 3539 398 3580 runt·
384 3567 397 3580 .
441 3546 629 3581 verum
666 3527 982 3598 periclitantis
1026 3546 1133 3579 nou
1171 3537 1249 3580 est

231 3605 546 3679 adjectivum
574 3614 662 3662 τοῦ
681 3627 868 3664 muse,
897 3605 991 3659 sed
1015 3607 1248 3660 referen-

234 3684 356 3739 dum
403 3689 587 3760 potius
627 3700 705 3741 est
753 3684 820 3740 ad
862 3687 1247 3740 substantivum

238 3766 392 3821 Gellii
408 3806 425 3830 ,
478 3766 623 3840 quod
674 3765 992 3822 subauditur
1009 3805 1026 3830 ,
1077 3786 1248 3838 neque

237 3866 364 3918 opus
380 3860 459 3901 est
481 3860 540 3900 ut
557 3850 851 3918 periclitanti
867 3847 1086 3918 legatur.
1117 3846 1247 3899 Sen-

234 3945 313 3979 sus
354 3941 477 3980 est:
522 3927 710 3980 Cicero
749 3928 862 3980 aliis
896 3927 1247 3998 argumentis,

233 4008 419 4077 quibus
432 4027 639 4062 causam
649 4008 964 4079 periclitantis
977 4007 1139 4061 Gallii
1153 4005 1251 4059 tui-

233 4098 311 4139 tus
336 4101 444 4154 est,
479 4086 672 4158 adjecit
712 4089 868 4142 etiam
907 4089 1093 4141 vitium
1132 4105 1250 4141 ora-

234 4168 373 4220 toris.

1334 2648 1452 2717 jore
1463 2664 1587 2699 cum
1604 2645 1934 2700 vehementia
1949 2665 2010 2701 ac
2026 2645 2216 2701 ardore
2232 2666 2358 2720 pro-

1337 2726 1557 2779 tulisset.

1417 2806 1470 2859 3.
1494 2806 1754 2860 Indidem.
1770 2804 1899 2860 Vid.
1927 2823 2087 2878 supra
2107 2807 2195 2859 cit.
2216 2807 2353 2860 Plut.

1338 2887 1387 2938 X
1415 2887 1650 2952 rhetor.;
1676 2886 1816 2940 Gen.
1836 2887 1965 2938 VII.
1985 2918 2066 2927 —
2090 2887 2356 2957 ὑπόκρισις.

1334 2965 1613 3020 Simulatio
1653 2966 1800 3020 vocis
1836 2978 1892 3020 et
1929 2978 2133 3037 gestus,
2160 2965 2220 3020 id
2247 2980 2356 3034 est,

1336 3045 1702 3118 pronuntiatio
1713 3043 1971 3108 etdecens
1989 3058 2189 3099 motus.
2203 3046 2358 3120 Apud

1335 3125 1548 3181 Graecos
1581 3127 1865 3181 histriones
1890 3127 2146 3197 ὑποκριταὶ
2181 3128 2356 3181 nomi-

1334 3219 1554 3269 nantur,
1585 3207 1710 3277 quia
1736 3225 2016 3280 personam
2046 3207 2270 3261 alienam
2297 3209 2353 3261 in

1334 3304 1487 3340 scena
1508 3287 1775 3342 simulant.
1796 3287 1937 3344 Hinc
1954 3284 2021 3339 ad
2042 3289 2355 3357 pronuntia·

1332 3366 1531 3419 tionem
1553 3378 1607 3419 et
1624 3368 1882 3420 actionem
1904 3379 2172 3420 oratorum
2196 3369 2353 3421 etiam

1333 3444 1655 3501 extenditur.
1705 3447 2117 3501 circumlocutio
2164 3449 2356 3513 latina,

1335 3531 1380 3579 si
1421 3526 1545 3578 nihil
1582 3527 1760 3577 diteris
1808 3546 1901 3578 non
1940 3531 2111 3598 optime
2156 3531 2324 3580 scitum
2338 3567 2353 3591 ,

1334 3625 1495 3678 quam
1531 3606 1779 3660 nonnulli
1811 3606 1961 3660 MSS.
1991 3607 2211 3676 habeut.
2242 3606 2355 3660 ine·

1335 3699 1438 3760 pte,
1456 3685 1635 3739 addita
1660 3699 1754 3739 est.

1419 3773 1471 3830 4.
1513 3768 1788 3820 AEsclu'nes.
1829 3765 1988 3830 Sunt,
2026 3767 2117 3839 qui
2150 3765 2356 3833 dicant,

1337 3848 1639 3900 AEschinem
1666 3847 1982 3901 mirantibus
2003 3844 2224 3900 Rhodiis
2239 3866 2357 3914 om·

1338 3929 1533 3982 tionem
1560 3928 1959 3992 Demosthenis,
1986 3925 2315 3998 respondisse
2339 3945 2355 3980 ε

1339 4007 1485 4072 Quid
1521 4009 1564 4060 si
1596 4006 1870 4060 audissetis
1902 4007 2127 4060 belluam
2159 4007 2355 4079 ipsam,

1339 4106 1429 4140 sua
1453 4089 1567 4159 lyra
1587 4085 1953 4140 resonantem?
1976 4085 2101 4139 vid.
2126 4088 2359 4155 Gellium

1342 4168 1492 4220 Noct.
1530 4167 1689 4221 Attic.
1717 4167 1809 4219 lib.
1839 4167 1965 4218 vn.

1870 4259 1881 4270 ’
1970 4265 1991 4303 sl

1908 4299 1944 4369 7
