3143 5204
699 487 837 558 188

1075 486 1509 552 VALERII
1564 484 1975 551 ΜΑΧΙΜΙ
2029 484 2221 551 LIB.
2277 485 2408 550 lx.

688 634 871 689 ctum
919 615 1253 686 redeuntis
1293 617 1659 686 exanimata
1703 629 1818 684 est.
1865 617 2093 685 Genus
2147 637 2334 684 casus
2380 613 2799 684 inusitatum:

690 750 853 819 quas
889 721 1079 793 dolor
1121 748 1255 792 non
1296 723 1725 806 exstinxerat,
1768 719 1986 790 laetitia
2026 719 2483 815 consumpsit¹.

800 828 869 900 3.
924 828 1051 899 Sed
1100 830 1318 898 minus
1372 830 1615 914 miror,
1678 826 1857 920 quod
1919 826 2240 899 mulieres.
2302 829 2399 895 M.
2456 829 2803 901 Juventius

688 933 975 1004 'lhalna²
1021 961 1150 1005 cos.
1194 933 1446 1028 collega
1492 935 1593 1001 Ti.
1645 933 1935 1015 Gracchi
1982 958 2114 1003 cos.
2155 934 2437 1019 iterum,
2488 958 2695 1027 quum
2733 935 2804 1003 in

691 1043 992 1128 Corsica,
1019 1066 1216 1136 quam
1248 1065 1461 1135 nuper
1486 1039 1866 1134 subegerat,
1894 1039 2325 1125 sacrificaret,
2355 1041 2633 1133 receptis
2660 1038 2805 1108 lite-

689 1149 778 1217 ris
813 1147 1108 1217 decretas
1144 1148 1204 1215 ei
1245 1172 1285 1215 a
1323 1160 1551 1215 senatu
1596 1130 2137 1239 supplicationes³
2172 1144 2657 1233 nuntiantibus,
2705 1147 2804 1213 in-

689 1268 873 1322 tento
912 1252 1051 1322 illas
1091 1254 1310 1321 animo
1350 1251 1600 1347 legenS,
1639 1250 1915 1345 caligine
1940 1266 2123 1337 orta,
2159 1266 2312 1320 ante
2346 1250 2638 1320 foculum
2670 1250 2806 1320 col-

573 1370 588 1393 ‘
689 1359 909 1454 lapsus
940 1374 1238 1428 mortuus
1266 1359 1450 1427 humi
1478 1359 1726 1455 jacuit:
1752 1383 1947 1451 quem
1978 1357 2139 1452 quid
2168 1354 2344 1426 aliud
2374 1382 2575 1451 quam
2601 1359 2807 1426 nimio

687 1466 927 1560 gaudio
969 1480 1272 1534 enectum
1323 1461 1673 1559 putemus?
1716 1488 1798 1532 en
1848 1451 1991 1535 cui⁴
2038 1464 2431 1550 Numantia,
2472 1478 2587 1532 aut
2643 1467 2804 1534 Car-

687 1572 889 1666 thago
921 1570 1280 1641 excidenda
1315 1565 1715 1639 traderetur!

794 1683 860 1764 4.
900 1677 1171 1771 Majoris
1202 1676 1537 1772 aliquanto
1569 1676 1836 1771 spiritus
1864 1676 2000 1745 dux
2031 1676 2118 1764 Q.
2151 1662 2486 1762 Catulus⁵,
2513 1677 2808 1745 cimbrici

690 1784 1008 1880 triumphi
1052 1788 1126 1854 C.
1172 1785 1388 1852 Mario
1433 1784 1762 1878 particeps
1805 1808 1845 1851 a
1890 1797 2120 1851 senatu
2172 1782 2397 1868 datuS,
2440 1782 2555 1852 sed
2600 1784 2811 1852 exitus

685 1887 1126 1977 violentioris;
1160 1914 1443 1984 namque
1475 1891 1559 1959 ab
1599 1890 1728 1957 hoc
1765 1888 1997 1957 eodem
2033 1889 2247 1957 Mario
2276 1903 2506 1982 postea
2533 1903 2810 1984 propter,

689 1995 911 2065 civiles
936 1944 1365 2065 dissensiones
1395 1997 1562 2064 mori
1588 1979 1869 2088 jussus⁶,
1889 1983 2136 2064 recenti
2169 1994 2348 2064 calce
2362 1994 2555 2082 1lhto
2574 1993 2813 2063 multo·

684 2128 812 2197 que
841 2104 976 2197 igni
1005 2102 1441 2197 percalefacto
1478 2099 1786 2172 cubiculo
1815 2126 1884 2170 se
1911 2098 2234 2171 inclusum
2267 2102 2584 2195 peremit:
2617 2101 2810 2193 cujus

689 2224 822 2277 tam
868 2208 1010 2278 dira
1062 2211 1407 2279 necessitas
1450 2211 1776 2277 maximus
1818 2208 2134 2276 Marianae
2184 2206 2406 2303 gloriae
2445 2207 2650 2276 rubor
2689 2231 2811 2276 ex-

686 2317 868 2385 stitit.

797 2418 859 2491 5.
916 2421 1069 2510 Qua
1123 2435 1511 2516 tempestate
1573 2419 1947 2515 reipublicae
2012 2422 2089 2491 L.
2146 2445 2408 2515 quoque
2463 2419 2811 2489 Cornelius

687 2526 947 2595 Merula
984 2527 1403 2615 consularis⁷‚
1445 2542 1513 2596 et
1547 2526 1788 2596 flamen
1816 2525 2062 2619 Dialis,
2089 2551 2171 2594 ne
2205 2525 2488 2595 ludibrio
2527 2524 2809 2595 insolen-

773 2731 821 2764 1.
858 2711 1174 2782 Consumpsit.
1197 2711 1321 2763 Non
1346 2723 1539 2776 autem,
1554 2712 1703 2782 quasi
1787 2711 1949 2763 Marii
1974 2711 2172 2781 collega
2190 2711 2249 2763 in
2274 2712 2356 2763 lv
2376 2712 2678 2773 consulatu,
2699 2712 2820 2784 plu·

684 2810 776 2843 cor
796 2790 853 2843 in
873 2790 1050 2843 latitia
1068 2812 1099 2843 a
1123 2789 1375 2861 sanguine
1400 2788 1672 2843 deseratur
1686 2828 1704 2856 ‚

687 2869 742 2922 in
779 2868 964 2922 dolore
994 2869 1062 2922 ad
1088 2889 1181 2923 cor
1200 2869 1407 2940 sanguis
1436 2884 1703 2936 accurrat,

686 2963 747 3002 ut
760 2950 873 3001 vult
888 2949 1155 3003 oliverius
1173 2968 1186 3003 ε
1206 2948 1300 3004 sed
1311 2950 1487 3020 potius
1499 2952 1569 3003 ob
1584 2969 1707 3022 apo-

686 3029 913 3099 plexiam
930 3028 1227 3100 quamdam,
1250 3031 1398 3099 cujus
1422 3048 1604 3083 omnes
1623 3049 1705 3083 ve-

685 3109 1037 3163 hementiores
1054 3110 1274 3163 effectus
1294 3128 1441 3162 causa
1465 3129 1576 3163 esse
1590 3129 1708 3180 pos·

686 3202 824 3242 sunt.

770 3289 821 3321 a.
851 3269 1057 3323 Thalna.
1076 3271 1216 3322 Anu.
1242 3269 1375 3321 Urb.
1410 3269 1540 3337 590.
1568 3269 1703 3321 Plin.

686 3349 794 3399 VII
808 3389 823 3413 ,
856 3349 946 3401 53.

769 3429 820 3482 3.
874 3427 1268 3498 Supplicationes.
1321 3429 1501 3493 Quare
1548 3428 1707 3481 etiam

685 3508 945 3579 triumphi
956 3526 1072 3578 spes
1089 3508 1168 3560 illi
1184 3522 1321 3573 erat3
1341 3506 1708 3579 procedebant

685 3589 829 3640 enim
845 3588 1251 3659 supplicationes
1274 3588 1623 3660 triumphum.

770 3675 799 3724 A
809 3708 823 3722 .
841 3667 953 3720 Cui.
971 3668 1087 3721 Hoc
1100 3667 1302 3721 ironice
1313 3666 1516 3720 dictum
1529 3688 1544 3733 ;
1559 3667 1706 3739 quid?

688 3752 733 3800 si
747 3749 1061 3802 Numantiam
1079 3761 1166 3799 aut
1189 3747 1527 3818 Carthaginem
1544 3760 1706 3799 sustu-

689 3830 834 3880 [isset.

767 3909 817 3960 5.
840 3907 1058 3961 Catulus.
1081 3909 1143 3960 A.
1169 3908 1238 3960 U.
1261 3907 1393 3961 652.
1413 3907 1525 3960 Cic.
1544 3907 1704 3958 Tusc.

682 3989 727 4052 1;
745 3987 936 4040 Juven.
963 4000 1056 4041 sat.
1077 3990 1129 4042 8.
1148 3989 1211 4040 A.
1230 3988 1300 4040 U.
1327 3986 1620 4051 6663P1ut.
1647 3986 1705 4039 in

682 4066 881 4131 Μαι-ιω
915 4069 1141 4140 Appian.
1177 4068 1292 4120 civ.
1333 4068 1387 4130 1;
1415 4067 1604 4132 Vellei,
1632 4067 1707 4132 11,

689 4164 781 4213 ²²3
796 4148 1070 4216 Angustia.
1095 4145 1161 4200 de
1181 4148 1243 4200 C.
1266 4148 1331 4200 D.
1351 4148 1451 4210 111.
1469 4145 1705 4210 Catulus,

1789 2791 1987 2844 rimum
2015 2789 2082 2843 ad
2112 2791 2387 2845 victoriam
2412 2793 2733 2856 contulerat,
2758 2801 2815 2844 et

1790 2870 1847 2922 in
1877 2875 1992 2940 ejus
2022 2884 2187 2923 castra
2224 2871 2390 2943 spolia
2421 2885 2475 2925 et
2518 2872 2662 2942 signa
2691 2884 2817 2942 post

1791 2969 1948 3003 caesos
1981 2950 2156 3003 hostes
2195 2949 2363 3003 delata
2405 2964 2526 3003 sunt
2542 2988 2559 3014 ,
2593 2947 2815 3022 plurimi

1792 3031 1949 3082 etiam
1962 3030 2236 3082 victoriam
2253 3031 2300 3082 ei
2319 3031 2619 3085 tribuerunt
2633 3051 2650 3094 ς
2667 3029 2814 3101 quod

1792 3109 1951 3162 Marii
1976 3108 2234 3163 invidiam
2255 3110 2422 3163 movit
2449 3109 2606 3176 adeo,
2632 3123 2694 3162 ut
2711 3109 2814 3162 Ca-

1793 3189 1934 3240 tulus
1970 3207 2104 3242 saeva
2135 3189 2233 3242 hac
2257 3190 2415 3242 Marii
2441 3208 2598 3248 voce,
2637 3192 2814 3241 moria-

1794 3281 1901 3332 tur,
1944 3268 2100 3322 finire
2137 3270 2300 3321 vitam
2340 3283 2550 3323 coactus
2581 3270 2664 3323 sit.
2707 3269 2814 3322 Alii

1793 3366 2025 3414 venene,
2041 3349 2129 3401 alii
2145 3349 2280 3420 ignis
2296 3350 2487 3402 haustu
2499 3351 2813 3402 exstinctum

1792 3428 2048 3480 referunt.
2089 3429 2419 3482 Facillimum
2460 3430 2718 3501 putabant
2760 3441 2817 3482 et

1793 3505 1978 3561 dolore
2015 3527 2198 3562 carens
2232 3507 2367 3562 illud
2403 3509 2587 3563 mortis
2618 3528 2782 3580 genus
2798 3548 2816 3578 ,

1793 3586 1939 3658 quod
1966 3587 2126 3641 tradit
2145 3589 2407 3642 Valerius.

1874 3671 1929 3721 6.
1960 3668 2097 3721 Mori
2105 3670 2288 3738 jussus.
2314 3670 2452 3722 Nam
2483 3668 2703 3722 Catulus
2732 3687 2814 3721 se-

1791 3759 1987 3817 quutus
1999 3748 2167 3801 fuerat
2178 3761 2351 3819 partes
2362 3748 2538 3802 Mario
2548 3746 2811 3801 adversm.

1791 3859 1866 3869 —-—
1901 3827 2047 3879 Calce
2083 3828 2227 3881 illito.
2261 3829 2449 3882 Florus
2480 3845 2495 3881 ε
2528 3827 2733 3880 Camlus
2763 3848 2815 3879 se

1792 3910 1918 3974 ignis
1949 3908 2121 3959 liaustu
2151 3907 2356 3960 ludibrio
2390 3910 2590 3968 hostium
2623 3911 2812 3960 exemit.

1792 3987 2041 4040 Diversus
2054 3986 2164 4040 abit
2173 3989 2496 4058 Augustinus
2504 3986 2572 4040 de
2585 3988 2701 4042 civ.
2715 3990 2814 4040 Dei

1793 4069 1876 4120 III
1892 4106 1909 4132 ,
1939 4069 2110 4118 haustu
2132 4071 2305 4119 veneni
2323 4069 2575 4121 scribens.

1876 4168 1927 4216 7.
1972 4148 2268 4200 Consularis.
2296 4149 2361 4201 Α.
2395 4149 2466 4202 U.
2509 4151 2639 4201 666.
2671 4148 2810 4218 App.
