3143 5204
774 366 868 438 50
1137 368 1574 436 VALERII
1630 366 2042 453 MAXIMI
2098 368 2292 435 LIB.
2349 368 2526 436 VII.

766 497 994 596 pilius,
1028 524 1196 595 quos
1239 501 1331 567 M.
1372 499 1665 567 Anneius
1709 499 2028 592 sanguine
2069 497 2192 566 sibi
2238 498 2625 592 conjunctos
2669 498 2899 577 eadem

768 632 848 675 ex
904 619 1127 702 parte,
1173 629 1299 699 qua
1342 603 1752 690 Tullianum,
1799 600 2076 673 heredes
2126 601 2406 692 fecerat,
2444 604 2899 679 sacramento¹

769 739 924 781 cum
953 709 1440 815 adolescentulo
1467 709 1869 780 contendere
1904 708 2045 779 ausi
2073 737 2209 779 non
2241 726 2430 799 sunt3
2458 713 2717 781 tametsi
2737 737 2907 807 prae·

769 821 977 914 cipuis
1017 810 1096 886 eo
1144 832 1441 912 tempore
1486 814 1719 931 Magni
1753 818 2000 886 viribus
2040 816 2125 885 ad
2158 808 2602 913 defendendas
2646 816 2906 888 tabulas

767 926 1142 994 testamenti
1195 926 1457 993 invitari
1513 923 1859 1019 poterant3
1903 938 1968 992 et
2020 922 2494 1018 aliquantulum
2548 894 2907 1017 adjuvabat

769 1028 1079 1117 heredeS‚
1109 1031 1290 1145 quod
1325 1030 1421 1099 Μ.
1447 1032 1788 1099 Anneius
1774 1056 1842 1097 1n
1874 1028 2240 1101 Sufenatis²
2261 1029 2574 1109 familiam
2608 1054 2686 1099 ac
2719 1053 2908 1100 sacra

767 1138 1148 1221 transierat3
1172 1136 1311 1206 sed
1368 1137 1806 1206 arctissimum
1848 1138 2018 1206 inter
2068 1120 2372 1206 homines
2430 1139 2908 1257 procreationis

769 1244 1150 1330 vinculum,
1192 1245 1398 1339 patris
1443 1240 1635 1313 simul
1673 1242 2120 1353 voluntatem,
2158 1257 2225 1313 et
2265 1245 2583 1339 principis
2624 1245 2751 1311 viri
2792 1267 2908 1312 au-

765 1352 1137 1419 ctoritatem
1178 1352 1528 1445 superavit.

877 1466 941 1539 3.
990 1472 1064 1540 C.
1114 1486 1337 1539 autem
1380 1471 1671 1538 Tettium
1720 1469 2040 1538 infantem
2080 1493 2118 1537 a
2163 1483 2351 1563 patre
2393 1467 2911 1551 exheredatum,

767 1577 1073 1645 Petronia
1100 1578 1311 1645 matre
1328 1630 1348 1664 ,
1374 1601 1571 1673 quam
1601 1578 1892 1663 Tettius,
1915 1574 2134 1699 quoad
2164 1577 2364 1663 vixit,
2388 1574 2456 1643 in
2484 1575 2912 1643 matrimonio

767 1682 1121 1769 habuerat,
1169 1676 1432 1765 natum,
1475 1673 1666 1750 divus
1706 1684 2043 1775 Augustus
2096 1687 2169 1749 in
2230 1680 2414 1750 bona
2439 1696 2755 1775 paterna
2814 1686 2915 1747 ire

686 1856 693 1857 ff
763 1784 1034 1857 decreto
1077 1812 1201 1856 suo
1239 1788 1474 1883 jussit,
1528 1789 1734 1882 patris
1784 1789 2011 1881 patriae
2056 1788 2277 1857 animo
2326 1812 2533 1857 usus·
2514 1836 2533 1869 ,
2590 1787 2910 1905 quoniam

767 1880 1082 1963 Tettius
1067 1920 1131 1960 m
1168 1895 1440 1999 proprio
1474 1895 1624 1986 jure
1660 1908 2010 1988 procreato
2046 1877 2224 1961 filio3
2231 1917 2537 1979 ‚summa
2589 1917 2742 1962 cum
2789 1893 2914 1960 ini-

769 2002 1020 2094 quitate
1062 2014 1421 2095 paternum
1469 2024 1717 2097 nomen
1759 2000 2216 2093 abrogaverat.

877 2123 943 2206 4.
966 2121 1261 2239 Septicia
1297 2144 1596 2213 quoque,
1625 2135 1837 2188 mater
1858 2092 2340 2190 Trachalorum
2368 2117 2915 2204 Ariminensium,

771 2224 916 2295 filiis
952 2228 1158 2311 irata,
1187 2228 1257 2297 in
1294 2225 1762 2296 contumeliam
1798 2251 2031 2296 eorum
2053 2280 2072 2314 ,
2098 2251 2301 2319 quum
2329 2226 2466 2318 jam
2501 2248 2733 2320 parere
2776 2249 2918 2292 non

771 2348 1027 2427 posset,
1064 2332 1361 2403 Publicio
1399 2335 1539 2402 seni
1577 2332 1935 2402 admodum
1979 2335 2238 2427 nupsit,
2279 2344 2671 2400 testamento
2713 2332 2914 2398 etiam

774 2455 1059 2533 utroque
1120 2441 1490 2533 praeterit03
1542 2463 1579 2507 a
1634 2439 1871 2533 quibus
1925 2438 2138 2507 aditus
2187 2436 2379 2506 divus
2431 2440 2807 2533 Augustus,
2848 2452 2918 2505 et

773 2548 1036 2640 nuptias
1086 2543 1426 2632 mulieriS,
1471 2559 1539 2614 et
1586 2570 1894 2639 suprema
1932 2530 2222 2640 judicia⁶
2267 2544 2707 2639 improbavit3
2757 2567 2916 2612 nam

774 2651 1202 2721 hereditatem
1249 2667 1617 2720 maternam
1661 2651 1830 2722 filios
1871 2652 2118 2722 habere
2162 2653 2402 2747 jussit3
2453 2651 2719 2736 dotem,
2760 2652 2917 2744 quia

773 2783 909 2825 non
950 2745 1431 2827 creandorum⁵
1464 2757 1829 2827 liberorum
1870 2783 2067 2829 causa
2111 2758 2489 2854 conjugium
2530 2761 2914 2826 intercesse-

864 2976 887 3009 1
899 2997 913 3009 .
938 2956 1265 3010 Suco-amento.
1285 2957 1406 3009 Non
1427 2971 1634 3011 tantum
1653 2978 1808 3030 spon-

778 3037 953 3105 sione,
984 3036 1075 3089 sed
1112 3048 1166 3090 et
1193 3051 1489 3089 sacramento
1517 3038 1807 3110 litigatores

780 3116 987 3169 romani
1027 3116 1348 3170 contendere
1384 3118 1642 3171 solebant.
1677 3117 1803 3171 vid.

780 3196 1013 3249 Brisson.
1027 3196 1094 3249 de
1116 3198 1292 3250 Form.
1308 3198 1377 3250 V:
1395 3199 1571 3250 Varro
1589 3197 1657 3252 de
1666 3199 1729 3252 L.
1740 3199 1801 3252 L.

779 3277 890 3341 lv,
911 3277 1024 3329 haec
1045 3278 1240 3330 refert:
1278 3304 1299 3324 ι
1322 3297 1381 3329 ea
1411 3279 1639 3349 pecunia
1655 3318 1671 3343 ‚
1689 3297 1807 3351 qum

776 3356 833 3407 in
858 3355 1119 3427 judicium
1140 3357 1288 3428 venit
1320 3358 1376 3408 in
1402 3357 1613 3425 litibus,
1637 3377 1804 3411 sacra-

780 3445 1020 3488 mentum
1039 3455 1066 3489 a
1085 3456 1249 3491 sacro.
1278 3438 1387 3501 Qui
1407 3440 1621 3508 petebat
1640 3452 1693 3491 et
1714 3438 1805 3510 qui

779 3516 1130 3580 infitiabatur,
1160 3516 1227 3570 de
1258 3518 1372 3571 aliis
1398 3518 1556 3570 rebus
1584 3531 1806 3589 uterque

781 3598 846 3649 D.
874 3593 991 3649 aeris
1020 3595 1388 3669 deponebant:
1414 3596 1482 3650 de
1508 3599 1625 3651 aliis
1648 3599 1807 3651 rebus

781 3676 905 3728 item
933 3689 1077 3728 oerto
1103 3677 1205 3729 alio
1227 3678 1464 3748 legitimo
1484 3697 1709 3730 numero
1732 3697 1808 3730 as·

781 3756 935 3808 sium.
958 3756 1067 3822 Qui
1084 3755 1289 3829 judicio
1306 3758 1528 3823 vicerat,
1548 3776 1704 3810 suum
1724 3777 1807 3810 sa-

778 3849 1107 3888 cramentum
1134 3856 1162 3889 a
1193 3856 1338 3889 sacro
1362 3838 1660 3903 auferebam
1679 3838 1806 3890 victi

682 3979 689 3984 θ
782 3913 845 3964 ad
873 3917 1114 3968 serarium
1146 3915 1371 3970 redibat.
1393 3945 1414 3964 ι

868 4012 918 4046 2.
959 3995 1224 4063 Sufenatis.
1264 4000 1361 4050 An.
1405 3999 1474 4049 U.
1522 4000 1633 4066 695
1679 3998 1803 4052 circ.

781 4074 884 4125 Per
921 4074 1260 4147 adoptionem
1292 4076 1570 4131 videbatur
1599 4097 1627 4130 a
1655 4091 1805 4149 patre

1891 2958 2177 3023 alienatus,
2205 2971 2256 3011 et
2289 2958 2432 3011 illius
2459 2959 2617 3011 sacris
2647 2958 2918 3023 initiatus,

1890 3039 1946 3090 in
1973 3041 2122 3110 cujus
2150 3038 2402 3091 familiam
2433 3038 2725 3091 transierat.

1976 3119 2026 3171 3.
2061 3119 2122 3171 In
2147 3123 2345 3188 proprio
2364 3121 2479 3188 jure
2503 3131 2756 3188 procreato
2781 3117 2920 3187 filio.

1891 3196 1956 3250 Id
1987 3210 2093 3262 est,
2114 3197 2227 3249 filio
2248 3198 2480 3269 legitime
2502 3211 2806 3269 procreato,
2823 3216 2919 3250 ne-

1891 3297 1996 3350 que
2024 3296 2172 3350 opus-
2189 3290 2294 3341 est,
2314 3289 2374 3330 ut
2397 3296 2517 3331 cum
2539 3277 2819 3329 Perizonio
2843 3278 2919 3330 le-

1891 3377 1979 3428 gas
2004 3377 2016 3410 :
2043 3361 2092 3409 in
2110 3362 2309 3430 proprio
2324 3395 2339 3422 ,
2349 3360 2492 3428 jure,
2509 3370 2764 3428 procreato
2768 3356 2888 3428 filio
2903 3397 2918 3418 ‚

1890 3457 2013 3489 nam
2032 3438 2148 3507 filio
2182 3451 2434 3509 procreato
2464 3450 2542 3490 est
2576 3436 2820 3490 dativus.
2840 3470 2922 3478 —

1894 3518 2249 3589 Abrogavemt.
2282 3520 2622 3588 Ejus-avent,
2652 3517 2924 3570 renuntia-

1892 3612 2060 3660 verat,
2081 3597 2137 3650 id
2160 3611 2263 3653 est,
2291 3598 2501 3651 Tettius
2522 3610 2672 3669 pater
2692 3617 2789 3650 suo
2809 3597 2922 3649 filio

1891 3697 2000 3730 non
2018 3678 2259 3750 permisit
2278 3691 2336 3730 ut
2356 3679 2723 3731 nominaretur
2743 3678 2810 3730 ab
2829 3677 2923 3728 illo

1884 3771 2045 3828 pater.

1975 3846 2026 3903 4.
2069 3838 2280 3890 Iudicia.
2315 3836 2400 3890 Sic
2449 3851 2500 3890 et
2535 3837 2752 3890 Sueton.
2784 3837 2920 3904 Aug.

1895 3921 1967 3972 66
1987 3953 2003 3980 ‚
2054 3929 2362 3970 testamenta
2415 3930 2567 3969 vocat
2586 3956 2603 3981 .‚
2653 3933 2772 3986 quae
2819 3933 2923 3966 nos

1892 4018 2155 4069 supremam
2176 3998 2471 4048 voluntatem
2497 4015 2760 4049 vocamus.

1981 4081 2028 4131 5.
2067 4076 2411 4131 Cre-andorra».
2433 4077 2555 4129 Non
2576 4074 2642 4128 ad
2676 4086 2920 4127 mutuum
