3143 5204
765 499 860 543 20

1101 458 1548 539 VALERI'I
1619 470 2026 538 MAXIMI
2096 471 2283 537 LIB.
2357 472 2533 539 VII.

756 608 908 675 dam
942 605 1412 698 Carthaginem
1445 618 1814 671 avecturus.
1843 604 1975 689 Qui
2004 626 2204 695 quum
2236 604 2511 697 imperio
2543 617 2618 671 ut
2647 604 2872 673 celeri·

757 728 858 783 ter
878 767 896 798 ,
927 714 1017 780 ita
1054 710 1390 805 longinqui
1418 724 1483 778 et
1520 707 1865 805 periculosi
1897 708 2047 776 belli
2085 724 2382 803 respectu
2416 710 2702 780 sollicitis
2735 714 2873 779 ani-

756 822 880 888 mis
917 819 1318 913 paruissent3
1364 823 1702 885 remittere
1734 841 1809 883 se
1847 816 2065 908 Scipio
2101 817 2292 885 illam
2328 817 2826 913 expeditionem
2847 872 2867 904 ,

754 933 820 995 si
836 949 1037 994 arma
1057 939 1126 992 et
1150 948 1359 1017 equos
1380 923 1701 992 militibus
1724 927 1863 991 suis
1890 922 2160 991 tradere
2185 923 2615 1010 voluis-sens,
2648 925 2872 993 edixit.

757 1034 1005 1126 Rapuit
1046 1031 1487 1100 conditionem
1538 1027 1813 1097 imbellis
1855 1052 1931 1097 ac
1980 1029 2205 1097 timida
2239 1029 2588 1122 juventus,
2627 1034 2874 1100 instru-

753 1136 1146 1232 mentoque²
1187 1162 1306 1208 suo
1339 1136 1576 1232 cupide
1606 1138 1847 1205 nostris
1874 1138 2081 1205 cessit.
2122 1139 2300 1229 Ergo
2337 1135 2652 1206 calliditas
2691 1138 2880 1206 ducis

751 1245 1077 1340 providit,
1120 1259 1227 1329 ut,
1272 1246 1322 1312 si
1360 1243 1537 1337 quod
1576 1244 1875 1337 protinus
1907 1243 2378 1336 imperaretur,
2421 1267 2623 1337 grave
2656 1247 2877 1339 prim,

750 1351 986 1421 deinde
1030 1351 1301 1419 remisso
1344 1350 1588 1419 militiae
1621 1364 1804 1417 metu
1836 1350 2199 1418 maximum
2243 1349 2633 1418 beneficium
2668 1351 2877 1419 fieret.

857 1481 921 1561 ί..
971 1474 1169 1563 Quod
1218 1477 1514 1568 sequitur
1554 1472 1956 1541 narrandum
2006 1486 2102 1540 est

2123 1458 2183 1540 ³:
2222 1473 2304 1562 Q.
2350 1473 2588 1544 Fabius
2624 1474 2882 1563 Labeo,

749 1583 994 1652 arbiter
1024 1606 1060 1649 a
1103 1597 1331 1649 senatu
1362 1581 1591 1648 finium
1624 1578 2236 1648 constituendorum
2272 1582 2443 1648 inter
2481 1579 2779 1650 Nolanos
2813 1594 2884 1649 et

747 1688 1221 1783 Neapolitanos
1276 1687 1469 1755 datus
1496 1741 1514 1774 ,
1555 1711 1760 1780 quum
1820 1687 1887 1752 in
1941 1710 2076 1753 rem
2124 1702 2509 1779 praesentem
2558 1689 2882 1774 venisset,

748 1812 1063 1889 utrosque
1116 1795 1465 1888 separatim
1522 1794 1820 1877 monuit,

744 1903 949 1997 gredi
975 1902 1175 1970 modo
1213 1916 1703 1984 controverm,
1654 1886 1677 1929 ⁴

1875 1807 1954 1859 ut
2008 1798 2263 1860 omissa
2316 1794 2691 1890 cupzditctte
2710 1850 2731 1880 ,
2776 1820 2880 1863 re-

1742 1922 1951 2016 quani
1975 1899 2314 1993 progredi
2334 1903 2654 1986 mallem,-
2683 1901 2882 1994 idque

749 2034 950 2103 quum
986 2023 1264 2101 utraque
1284 2030 1437 2101 pars
1465 2007 1855 2073 auctoritate
1888 2007 2013 2071 viri
2050 2019 2229 2072 mota
2264 2005 2520 2076 fecisset
2538 2007 2883 2101 ‚aliquan-

751 2131 894 2184 tum
944 2118 1008 2181 in
1048 2114 1263 2182 medio
1302 2114 1490 2181 vacui
1529 2113 1668 2207 agri
1715 2110 2014 2179 relictum
2057 2126 2171 2179 est.
2213 2112 2604 2183 Constitutis
2645 2112 2883 2183 deinde

752 2222 1026 2307 finibus,
1062 2236 1137 2289 ut
1175 2221 1295 2314 ipsi
1334 2222 1886 2305 terminaverant,
1930 2216 2250 2311 quidquid
2288 2219 2518 2315 reliqui
2558 2220 2679 2289 soli
2716 2219 2884 2305 fuit,

750 2327 1000 2423 populo
1056 2351 1331 2396 romano
1392 2325 1811 2420 adjudicavit.
1875 2326 2207 2393 Caeterum
2268 2329 2387 2394 etsi
2448 2276 2884 2396 circumventi

752 2435 992 2504 Nolani
1043 2459 1119 2502 ac
1166 2431 1580 2528 Neapolitani
1626 2434 1810 2525 queri
1859 2429 2019 2498 nihil
2078 2447 2473 2524 potuerunt,
2520 2434 2884 2504 secundum

757 2639 967 2709 Lipsius
985 2636 1141 2687 Mitit.
1170 2652 1305 2685 rom.
1332 2633 1424 2685 lib.
1454 2634 1509 2684 11
1526 2672 1541 2698 ‚
1561 2630 1685 2684 dial.
1716 2639 1780 2696 4,

760 2718 827 2772 ad
864 2716 1163 2788 Scipionem
1190 2713 1534 2785 posteriorem
1563 2732 1628 2764 ex
1652 2731 1779 2764 con-

758 2802 956 2871 J‘ectura
985 2796 1163 2846 refert.
1198 2791 1325 2844 Vid.
1353 2792 1534 2845 Festus
1562 2791 1630 2845 de
1653 2811 1784 2863 prm-

763 2879 897 2931 toria
917 2876 1151 2929 cohorte.
1166 2906 1245 2916 -—
1260 2873 1314 2925 A
1319 2885 1541 2925 vecturus.
1570 2872 1786 2942 Aliquot

768 2958 914 3011 MSS.
945 2957 1143 3009 habent
1166 2955 1459 3006 aducamus.
1482 2954 1636 3005 Male.
1660 2953 1788 3005 Ave-

769 3040 876 3091 loere
916 3052 968 3090 et
999 3036 1224 3087 advehere
1267 3034 1454 3105 saepius
1492 3053 1521 3085 a
1556 3033 1787 3085 librariis

771 3129 1090 3171 commutata
1106 3133 1382 3186 perperam
1407 3132 1515 3166 esse
1534 3111 1688 3164 docet
1704 3113 1784 3165 Cl.

775 3196 1242 3252 Drakenborchius
1272 3191 1337 3246 ad
1378 3193 1475 3245 Sil.
1513 3194 1616 3257 IV,
1651 3194 1784 3245 318.

859 3296 884 3330 1
898 3317 910 3329 .
939 3277 1146 3330 Tradere
1157 3275 1432 3326 voluissent.
1450 3273 1598 3325 Hanc
1615 3273 1790 3324 lectio-

774 3378 895 3412 nem
931 3357 1194 3409 revocavit
1229 3355 1456 3406 Torren.
1484 3354 1792 3406 auctoritate

774 3438 1013 3490 omnium
1029 3449 1148 3487 ante
1161 3435 1272 3505 Pig.
1288 3432 1583 3486 editionum
1597 3448 1647 3486 et
1663 3431 1792 3485 duo·

776 3518 945 3571 decim
956 3515 1125 3578 MSS„
1134 3527 1314 3584 estque
1327 3513 1791 3566 formulasolennis

777 3598 1099 3660 edictorum,
1130 3596 1209 3660 Π,
1243 3601 1305 3658 4,
1342 3614 1391 3656 2,
1425 3595 1559 3645 ludos
1583 3606 1792 3663 spectare

778 3680 936 3730 vellet.
947 3676 1227 3727 ——Ediain
1242 3675 1575 3744 Quicumque
1589 3673 1792 3725 Siculo-

779 3778 900 3811 rum
930 3756 1155 3808 militare
1183 3754 1376 3818 nollet,
1398 3773 1569 3818 arma,
1599 3771 1793 3823 equum

781 3852 1067 3908 caeteraque
1097 3837 1439 3887 instrumenta
1465 3834 1662 3885 militiae
1688 3845 1792 3886 tra·

692 3917 693 3920 ¹
783 3918 931 3970 deret
965 3915 1172 3969 cuidam
1210 3916 1479 3978 Romamn,
1508 3914 1598 3983 qui
1631 3915 1792 3965 vicem

784 4001 893 4068 ejus
915 3998 1145 4068 expleret
1163 3996 1215 4046 in
1232 3994 1565 4064 expeditione
1585 3994 1793 4063 pericu-

782 4080 893 4132 losa
923 4089 976 4129 et
1004 4073 1365 4129 transmarina.
1399 4075 1576 4137 Quum
1611 4091 1793 4125 omnes

783 4160 919 4211 hanc
934 4157 1293 4210 conditionem
1310 4152 1457 4206 avide
1474 4152 1791 4224 arriperent,

1867 2632 1942 2686 sic
1963 2632 2210 2685 trecentis
2225 2633 2414 2686 Siculis
2441 2636 2663 2688 Romani
2684 2636 2889 2707 equites

1867 2711 2134 2765 substituti
2167 2713 2278 2766 sine
2295 2715 2506 2786 publica
2531 2717 2781 2787 impense.

1953 2811 2004 2844 α.
2039 2791 2369 2847 Instrumenta.
2388 2795 2546 2848 Multi
2565 2796 2685 2848 libri
2709 2802 2886 2849 instra·

1869 2884 2044 2923 menta.
2086 2871 2386 2945 Utrumque
2438 2895 2562 2928 vero
2611 2877 2840 2947 probum
2870 2896 2885 2930 :

1870 2953 2030 3005 cedere
2052 2953 2200 3005 alicui
2230 2954 2417 3026 aliquid
2427 2994 2440 3016 ,
2473 2969 2526 3008 et
2555 2956 2716 3007 cedere
2740 2958 2894 3008 alieni

1870 3035 2032 3104 aliqua
2061 3055 2127 3086 re.
2151 3033 2351 3104 Supra,
2375 3036 2453 3086 lv
2471 3076 2486 3102 ,
2526 3055 2548 3088 ι
2574 3075 2588 3100 ,
2615 3049 2718 3089 ext.
2750 3056 2802 3105 7.

1954 3113 2006 3164 3.
2051 3115 2358 3165 Narmndum
2389 3127 2476 3167 est.
2508 3119 2590 3167 An
2636 3117 2707 3168 U.
2753 3119 2887 3185 569.

1872 3192 2096 3246 circiter.
2117 3193 2227 3245 Cic.
2246 3193 2355 3247 Off.
2379 3196 2432 3260 1,
2456 3213 2476 3246 1
2490 3215 2542 3248 o.
2565 3195 2667 3247 Alii
2688 3216 2891 3248 narran-

1872 3273 1982 3323 dum
2002 3288 2183 3344 quoque
2203 3287 2289 3326 est.
2310 3275 2529 3328 Prorsus
2549 3289 2738 3347 praeter
2753 3296 2886 3329 rem.

1874 3353 2013 3405 Dicit
2029 3365 2211 3406 auctor
2231 3353 2516 3408 admodum
2547 3356 2858 3427 simpliciter
2872 3397 2887 3421 ,

1874 3434 2005 3504 quod
2029 3439 2242 3504 sequitur
2264 3437 2552 3487 narrandum
2581 3449 2676 3498 est,
2703 3435 2755 3487 id
2784 3449 2890 3501 est,

1874 3516 2202 3582 praetermitti
2228 3533 2333 3567 non
2362 3529 2562 3586 potest,
2585 3515 2741 3567 debet
2768 3536 2890 3569 nar·

1874 3594 1978 3643 rari
1995 3634 2010 3659 ,
2026 3596 2275 3665 quoniam
2290 3595 2493 3647 vafrum
2510 3607 2586 3648 est
2601 3614 2758 3667 quam
2776 3615 2890 3649 ma·

1872 3690 2029 3727 xime.

1960 3762 2013 3818 4.
2060 3754 2385 3806 controverso.
2416 3754 2594 3806 Modus
2623 3769 2892 3806 controver-

1876 3852 1980 3895 sus,
2013 3835 2114 3886 hoc
2140 3834 2259 3885 loco
2291 3847 2366 3885 est
2392 3853 2511 3904 pars
2537 3835 2643 3905 agri
2659 3873 2678 3899 ‚
2700 3832 2767 3886 de
2787 3854 2892 3905 qun

1876 3913 2151 3984 litigatum.
2184 3911 2282 3964 Ed.
2307 3927 2409 3965 vet.
2440 3912 2598 3966 habet
2619 3916 2758 3966 modo
2777 3933 2889 3966 con·

1879 4006 2081 4046 troversa
2092 4033 2108 4057 ‚
2125 3991 2179 4045 id
2208 4005 2310 4054 est,
2324 3993 2690 4046 tantummodo
2716 4011 2892 4065 regre-

1879 4072 2131 4126 derentur
2157 4093 2188 4126 a
2209 4073 2336 4125 locis
2361 4074 2461 4124 illis
2477 4114 2492 4138 ,
2510 4093 2626 4146 quae
2652 4075 2791 4127 inter
2813 4074 2892 4145 ip-

1878 4172 1962 4207 sos
1982 4167 2316 4207 controversa
2341 4166 2526 4206 essent.
