3143 5204
1126 467 1577 535 VALERII
1636 468 2048 535 MAXIMI
2112 470 2300 536 LIB.
2371 471 2548 539 VII.

777 599 1323 693 Obtemperatum
1361 601 1637 694 imperio
1667 616 1781 670 est.
1823 600 1949 669 Sed
1984 601 2142 669 dum
2174 602 2601 671 adolescentis
2625 588 2890 671 dexte'ra

780 707 966 773 irrito
1005 731 1071 774 se
1108 705 1329 774 labore
1367 706 1629 802 fatigat,
1662 710 1842 776 senio
1873 708 2172 777 confecta
2203 733 2434 778 manus
2462 711 2890 777 ministerium

778 825 1136 905 exsequuta
1181 827 1295 881 est.
1340 815 1530 883 Tunc
1570 814 1868 883 barbarae
1909 816 2252 900 concioni,
2295 841 2607 909 quorsum
2658 840 2735 883 ea
2790 841 2894 884 res

750 918 1107 1011 ,tenderet,
1157 944 1555 1013 cognoscere
1613 923 1947 1014 cupienti,
2003 922 2278 1014 subjecit
2330 949 2344 989 ε
2401 952 2433 986 «
2455 924 2621 1016 Equi
2668 920 2894 990 caudae

778 1025 1183 1095 consimilem
1227 1051 1368 1095 esse
1401 1041 1697 1096 nostrum
1724 1027 1740 1050 ¹
1780 1029 2168 1114 exercitum,
2199 1030 2385 1122 cujus
2419 1044 2637 1123 partes
2666 1026 2896 1122 aliquis

776 1131 1162 1227 aggrediens
1190 1135 1563 1226 opprimere
1592 1136 1794 1229 possit
1834 1161 1847 1201 ε
1893 1137 2271 1203 universum
2300 1150 2575 1203 conatus
2605 1149 2893 1229 proster-

778 1263 968 1322 nere,
994 1238 1267 1308 celerius
1295 1241 1635 1309 tradiderit
1659 1243 2029 1324 victoriam,
2053 1266 2250 1335 quam
2275 1243 2764 1336 occupaverit.»
2794 1242 2898 1309 Ita

780 1369 939 1438 gens
982 1344 1296 1431 barbara,
1342 1371 1608 1441 aspera,
1649 1363 1714 1416 et
1751 1350 1886 1442 regi
1925 1347 2239 1435 difficilis,
2280 1351 2347 1415 in
2389 1350 2656 1416 exitium
2703 1372 2899 1415 suum

778 1475 1007 1538 ruens,
1037 1477 1235 1547 quam
1267 1452 1610 1522 utilitatem
1640 1454 1907 1523 auribus
1932 1469 2304 1549 respuerat,
2325 1454 2532 1523 oculis
2558 1451 2897 1549 pervidit².

781 492 872 535 22

890 1609 952 1678 7.
1000 1586 1240 1654 Fabius
1276 1602 1496 1655 autem
1534 1573 1923 1673 Maximus³,
1963 1589 2147 1680 cujus
2190 1613 2325 1655 non
2369 1587 2718 1673 dimicare,
2757 1587 2901 1654 vin·

781 1714 930 1759 cere
963 1690 1125 1779 fuit,
1164 1717 1368 1785 quum
1411 1696 1757 1788 praecipuae
1797 1693 2192 1761 fortitudinis
2235 1692 2566 1761 Nolanum
2611 1692 2902 1786 peditem

781 1796 979 1864 dubia
1024 1796 1154 1866 fide
1192 1815 1606 1893 suspectum,
1651 1814 1716 1867 et
1756 1814 2035 1867 strenuae
2076 1824 2293 1893 operae
2339 1802 2681 1867 Lucanum
2712 1801 2904 1893 equi-

780 1891 954 1971 tem⁴
988 1926 1212 1972 amore
1243 1907 1443 1973 scorti
1473 1904 1886 1998 deperditum
1920 1906 1985 1972 in
2023 1907 2251 1974 castris
2281 1906 2582 1991 haberet,
2617 1921 2690 1983 ut
2720 1920 2903 1973 utro-

781 2033 909 2101 que
953 2012 1169 2103 potius
1215 2010 1390 2078 bono
1428 2011 1631 2078 milite
1666 2027 1992 2097 uteretur,
2020 2037 2218 2105 quam
2264 2013 2329 2079 in
2370 2026 2725 2106 utrumque
2765 2014 2905 2080 ani-

783 2114 1265 2201 madverteret,
1328 2116 1512 2185 alteri
1565 2120 2003 2211 suspicionem
2064 2143 2247 2186 suam
2312 2116 2782 2204 dissimulavit,
2837 2122 2905 2185 in

782 2220 989 2290 altero
1024 2221 1430 2318 disciplinam
1471 2221 1810 2317 paululum
1847 2249 1886 2291 a
1923 2239 2103 2293 recto
2147 2240 2374 2293 tenore
2415 2225 2714 2310 deflexit3
2749 2248 2906 2292 nam

786 2326 966 2397 illum
1011 2328 1204 2422 plene
1244 2357 1368 2425 pro
1410 2330 1719 2399 tribunali
1757 2330 2115 2418 laudand0,
2159 2334 2472 2425 omnique
2510 2356 2749 2425 genere
2784 2331 2905 2399 ho·

785 2436 963 2504 noris
1007 2438 1505 2530 prosequendo,
1559 2439 1850 2505 animum
1895 2463 2085 2506 suum
2117 2462 2156 2505 a
2188 2440 2402 2506 Poenis
2446 2437 2526 2505 ad
2566 2439 2908 2506 Romanos

786 2543 1003 2636 coegit
1041 2567 1353 2612 revocare
1393 2570 1407 2611 :
1446 2559 1511 2612 et
1548 2544 1727 2613 hunc
1772 2541 1937 2613 clam
1974 2546 2384 2614 meretricem
2425 2544 2744 2613 redimere
2770 2569 2912 2640 pas·

789 2674 926 2736 suS,
965 2652 1448 2743 paratissimum
1487 2676 1609 2745 pro
1650 2651 1837 2720 nobis
1878 2676 2297 2720 excursorem
2323 2638 2345 2675 ⁵
2391 2651 2693 2720 reddidit.

786 2875 991 2934 partes,
1021 2867 1173 2935 carpi.
1216 2865 1279 2916 In
1310 2863 1532 2917 rudibus
1563 2864 1803 2916 homini·

786 2944 885 2996 bus
929 2956 1041 2996 acta
1086 2945 1372 3014 symbolica
1415 2957 1469 2996 et
1509 2945 1610 2997 alia
1627 2981 1643 3005 ‚
1688 2962 1804 3015 quae

784 3042 882 3094 per
920 3042 1101 3076 seusus
1138 3025 1281 3077 viam
1312 3022 1554 3095 pandunt
1596 3022 1663 3075 ad
1692 3025 1808 3075 ani-

790 3122 969 3165 mum,
990 3122 1231 3176 magnam
1260 3105 1366 3157 vim
1394 3115 1657 3157 exserunt.
1690 3103 1805 3156 Me·

788 3182 1125 3249 minerimus,
1148 3203 1265 3255 qun
1290 3183 1431 3256 apud
1447 3184 1661 3236 Graecos
1675 3184 1805 3236 olim

785 3265 917 3317 sacta
938 3303 953 3326 ,
987 3283 1083 3316 nec
1128 3283 1235 3316 nou
1255 3308 1269 3329 ,
1305 3283 1422 3334 quae
1464 3265 1637 3335 Cyrus
1668 3265 1807 3316 inter

785 3345 966 3397 Persas
991 3356 1111 3396 ante
1142 3342 1500 3414 expeditiones
1531 3362 1648 3396 suas
1670 3345 1805 3396 sece—

786 3424 874 3477 rit.
902 3426 982 3476 De
1003 3423 1239 3478 Sertorio
1253 3423 1359 3476 vid.
1383 3424 1540 3477 etiam
1553 3424 1806 3488 Gellium,

790 3505 924 3569 XV,
947 3524 1036 3557 aa.
1067 3503 1473 3557 Mansuefactam
1493 3523 1700 3557 cervam
1727 3523 1806 3556 se·

792 3604 921 3638 cum
936 3583 1281 3655 duxit‚quam
1303 3603 1328 3636 a
1351 3585 1517 3637 Diana
1536 3583 1681 3636 dono
1704 3584 1807 3636 sihi

791 3664 968 3720 datam
981 3665 1276 3729 simulabat,
1288 3683 1319 3716 a
1335 3683 1438 3736 qua
1455 3678 1723 3735 tamquam
1742 3664 1807 3716 ab

787 3748 907 3817 ipso
931 3745 1149 3797 numine
1179 3742 1487 3809 doceretur,
1514 3742 1644 3814 quid
1674 3762 1808 3814 opus

791 3838 922 3878 esset
936 3826 1094 3878 factu.
1113 3824 1231 3889 Qua
1247 3842 1305 3875 re
1325 3823 1611 3876 indomitos
1627 3824 1811 3875 barba·

793 3925 877 3957 ros
903 3906 1051 3958 facile
1077 3902 1221 3958 dicto
1244 3904 1368 3956 fecit
1388 3917 1645 3975 parentes.

878 4004 899 4038 1
912 4025 924 4037 .
942 3985 1185 4038 Nostrum.
1198 3985 1277 4037 Ita
1291 4004 1351 4036 ex
1365 3982 1647 4036 duodecim
1656 3981 1804 4035 MSS.

787 4065 1017 4118 restituit
1027 4065 1333 4117 Torrenius.
1362 4064 1513 4135 Pigh.
1533 4061 1684 4115 dedit
1703 4064 1805 4114 Ro-

790 4164 1053 4208 manor-ean,
1078 4143 1221 4216 quod
1248 4145 1413 4214 glossa
1441 4155 1681 4197 exortum
1709 4156 1801 4196 est.

1893 2863 2097 2936 Supra,
2122 2865 2232 2916 V11
2252 2902 2268 2929 ,
2298 2864 2327 2917 3
2349 2903 2363 2926 ,
2398 2882 2419 2916 1
2442 2906 2456 2926 ,
2493 2864 2649 2916 urbem
2682 2875 2909 2914 nostram.

1975 2963 2025 2996 a.
2043 2944 2276 2996 Percidit.
2293 2944 2480 3008 Pauci,
2491 2944 2731 3015 proevidu,
2748 2962 2907 3007 unus,

1884 3024 2110 3094 providit.
2133 3024 2434 3095 Pei-peram.

1973 3103 2026 3156 3.
2068 3104 2327 3156 Maximus.
2349 3106 2447 3154 An.
2468 3103 2539 3155 U.
2568 3103 2672 3171 537
2700 3115 2753 3155 et
2781 3103 2907 3165 544.
2967 3141 2972 3146 -

1892 3184 2008 3235 Liv.
2040 3183 2225 3234 XXIII
2241 3220 2257 3244 ‚
2293 3185 2388 3249 15,
2415 3181 2484 3235 de
2511 3182 2765 3246 Mamello
2787 3200 2911 3234 nar·

1891 3274 1973 3314 rat
2010 3261 2168 3314 idem.
2206 3262 2474 3316 Plutarch.
2504 3263 2559 3314 in
2589 3263 2754 3314 Fabio
2782 3281 2909 3314 con-

1891 3343 2034 3412 gruit
2065 3342 2295 3394 Valerio.

1977 3429 2027 3485 4.
2060 3423 2302 3494 Equitem.
2334 3423 2515 3475 Livius
2538 3442 2660 3474 eum
2684 3422 2748 3472 L.
2776 3423 2912 3474 Ban-

1895 3503 2026 3554 tium
2061 3515 2230 3555 vocat.
2253 3535 2330 3543 —
2351 3502 2680 3572 Depercb‘tm.
2709 3500 2773 3553 Id
2803 3515 2910 3567 est,

1893 3582 1986 3653 qui
2010 3595 2241 3635 scortum
2262 3582 2719 3634 vehementissime
2743 3579 2812 3633 ad
2828 3582 2911 3633 in-

1892 3662 2090 3714 saniam
2122 3681 2286 3734 usque
2316 3663 2538 3715 amabat.
2571 3692 2651 3703 -—
2679 3661 2910 3732 Defletit.

1893 3742 2085 3794 Fabius
2118 3740 2450 3814 disciplinam
2486 3759 2514 3792 a
2544 3753 2689 3793 recto
2729 3754 2914 3794 tenore

1893 3821 2107 3892 defit-tit,
2125 3840 2288 3892 quum
2308 3822 2663 3892 permitteret,
2678 3832 2736 3872 ut
2754 3839 2914 3892 eques

1893 3902 2246 3964 meretricem,
2278 3921 2305 3952 a
2338 3901 2527 3956 lenone
2555 3898 2916 3971 redemptam,

1894 3982 1948 4032 in
1981 3980 2161 4034 castris
2184 3981 2419 4034 haberet.

1980 4062 2027 4113 5.
2062 4062 2397 4113 Exeat-sorem.
2430 4061 2553 4125 Quo
2583 4071 2827 4111 uteretur
2856 4060 2912 4112 in

1895 4142 2131 4195 hostibus
2156 4139 2488 4212 explorandis
2509 4138 2844 4192 vexandisve.
