3143 5204
360 485 552 552 CAP.
611 483 746 567 XI,
801 482 926 549 DE
980 480 1333 549 EFFECT.
1392 478 1748 548 ARTIUM
1802 478 2086 548 RARIS.
2158 473 2297 550 105

195 616 460 710 patebit,
486 629 551 683 et
577 628 945 682 memoratu
974 613 1191 707 dignae
1221 638 1324 681 res
1354 611 1574 680 lucido
1597 613 1662 679 in
1691 610 1839 680 loco
1864 627 2301 706 reponentur,

194 738 252 791 et
283 721 466 790 labor
499 723 568 789 in
606 722 685 789 iis
717 720 984 789 edendis
1021 745 1141 789 suo
1180 719 1401 788 fructu
1438 744 1571 787 non
1611 719 1878 787 carebit.

300 852 355 896 1.
396 825 664 921 Sulpicii
712 824 886 896 Galli
932 826 1288 895 maximum
1340 827 1408 893 in
1454 827 1634 894 o‘mni
1683 851 1923 921 genere
1965 823 2299 895 literarum

198 934 561 1029 recipiendo
613 933 906 1002 studium
959 932 1315 1028 plurimum
1361 931 1737 1028 reipublicae
1779 931 2107 1028 profuit¹3
2149 956 2303 999 nam

195 1066 387 1135 quum
420 1043 496 1109 L.
527 1039 767 1125 Paulli,
797 1039 1043 1108 bellum
1070 1039 1420 1109 adversum
1453 1064 1677 1135 regem
1715 1042 1956 1108 Persen
1994 1032 2310 1134 gerentis,

199 1147 439 1242 legatus
470 1162 672 1234 esset,
707 1171 786 1216 ac
825 1170 1055 1216 serena
1092 1159 1290 1215 nocte
1326 1148 1546 1215 subito
1584 1145 1741 1215 luna
1775 1145 2157 1233 defecisset.
2199 1170 2305 1214 eo-

198 1279 313 1347 que
363 1251 570 1322 veluti
624 1253 769 1322 diro
820 1252 1111 1348 quodam
1171 1266 1472 1322 monstro
1534 1253 1922 1347 perterritus
1991 1251 2319 1321 exercitus

199 1374 448 1446 noster,
488 1384 723 1429 manus
764 1385 917 1428 cum
955 1360 1146 1429 hoste
1185 1359 1573 1429 conserendi
1612 1358 1917 1428 fiduciam
1963 1358 2319 1444 amisisset,

199 1466 272 1534 de
329 1464 475 1536 caeli
522 1467 774 1535 ratione
840 1481 907 1535 et
964 1466 1251 1535 siderum
1314 1458 1549 1535 natura
1573 1463 1595 1489 ²
1644 1467 2033 1562 peritissime
2092 1465 2317 1560 dispu—

202 1572 429 1658 tando,
475 1571 760 1642 alacrem
809 1598 963 1641 eum
1018 1574 1084 1640 in
1130 1573 1341 1641 aciem
1395 1573 1609 1641 misit:
1656 1575 1877 1666 itaque
1924 1569 2013 1640 illi
2064 1570 2320 1667 inclytae

202 1677 546 1747 Paullianae
581 1680 871 1748 victoriae
911 1678 1212 1748 liberales
1246 1684 1419 1747 artes
1453 1677 1627 1747 Galli
1666 1678 1919 1748 aditum
1956 1677 2321 1763 dederunt,

204 1788 338 1879 quia
381 1787 507 1854 nisi
540 1783 648 1853 ille
681 1799 929 1855 metum
972 1799 1351 1855 nostrorum
1396 1774 1677 1854 militum
1712 1788 2006 1870 vicisset,
2041 1787 2320 1880 impera·

207 1907 302 1961 tor
341 1877 774 1983 [romanus3]
824 1894 1087 1961 vincere
1124 1893 1348 1961 hostes
1390 1916 1525 1961 non
1569 1894 1906 1987 potuisset.

304 2026 374 2068 2.
422 1986 759 2093 Spurinae⁴
800 2024 1062 2093 quoque
1116 2000 1182 2066 in
1234 2000 1689 2068 consectandis
1734 2000 2010 2067 deorum
2057 1999 2326 2067 monitis

209 2105 535 2175 efficacior
592 2107 861 2174 scientia
920 2107 1260 2200 apparuit,
1316 2130 1512 2203 quam
1568 2106 1727 2174 urbs
1776 2131 2051 2175 romana
2099 2103 2325 2174 voluit.

211 2212 603 2281 Praedixerat
631 2214 804 2280 enim
833 2215 912 2281 C.
938 2208 1216 2299 Caesari,
1245 2228 1321 2281 ut
1333 2218 1700 2307 proximos
1726 2213 1871 2281 dces
1900 2216 2109 2283 XXX
2128 2218 2336 2307 quasi

188 2320 465 2407 fatales
508 2334 815 2404 caveret,
851 2343 1149 2412 xquorum
1185 2318 1455 2388 ultimus
1498 2334 1641 2388 erat
1679 2319 1825 2388 idus
1870 2320 2151 2389 Martiae.
2189 2304 2331 2386 Εο5

213 2450 410 2517 quum
457 2424 629 2494 forte
672 2449 865 2493 mane
901 2440 1178 2520 uterque
1221 2427 1288 2503 in
1332 2425 1607 2494 domum
1645 2425 1902 2495 Calvini
1939 2425 2216 2495 Domitii
2248 2424 2333 2492 ad

215 2531 504 2602 officium
553 2533 1005 2620 convenisset,
1048 2535 1271 2601 Caesar
1316 2533 1650 2627 Spurinae‚
1693 2532 1972 2628 Ecquid
2010 2537 2185 2619 scis,
2228 2533 2334 2599 in-

1319 2808 1372 2848 et
1383 2794 1586 2862 lunam,
1599 2796 1711 2850 haec
1725 2813 1752 2848 a
1768 2797 1876 2850 sole
1885 2798 2064 2850 lumen
2077 2808 2346 2860 mutuans,

1319 2873 1588 2929 deficeret.

220 2795 353 2866 Μῦς.
375 2808 432 2849 et
446 2815 642 2850 novem
658 2795 807 2850 MSS.
832 2802 1104 2867 recognosci
1115 2815 1231 2866 pos·

219 2896 288 2936 se,·
315 2874 462 2929 unde
500 2876 809 2930 Perizonius
846 2880 1117 2946 recognosci
1140 2895 1232 2947 po·

220 2968 329 3013 test,
363 2954 515 3027 quod
538 2969 594 3009 et
611 2956 873 3009 Torrenio
900 2958 1087 3027 placet.

299 3054 350 3091 ι.
367 3038 586 3103 Profuit.
611 3038 713 3088 Au.
741 3036 809 3088 U.
836 3037 965 3089 580.
992 3036 1128 3088 Plin.
1147 3037 1232 3101 211,

228 3116 534 3181 ¹²3F10111·
567 3118 624 3180 1,
658 3134 760 3180 ¹²5
795 3117 966 3171 Cicer.
991 3116 1047 3168 in
1082 3118 1234 3182 Cat.;

220 3196 402 3259 Quint.
434 3198 492 3260 l,
528 3215 625 3266 173
657 3196 871 3262 Livius,
903 3197 1104 3259 XLIV,
1140 3196 1233 3266 37.

222 3275 360 3327 Olim
374 3295 558 3329 rerum
570 3276 890 3329 naturalium
907 3295 1096 3347 parum
1109 3294 1237 3348 gna·

220 3355 264 3406 ri
279 3356 504 3427 eclipsin
516 3356 657 3408 lunae
676 3375 812 3426 saepe
825 3370 1089 3410 ostentum
1100 3394 1116 3423 ,
1131 3374 1239 3427 quo

221 3432 618 3489 deterrerentur
633 3475 649 3500 ‚
672 3436 950 3489 habebant.
972 3435 1073 3489 Sed
1098 3433 1239 3507 apud

221 3514 637 3568 GraeoosThales
654 3516 913 3582 milesius,
936 3517 1072 3569 inter
1081 3519 1240 3569 Rom.

224 3594 437 3658 Gallus,
454 3595 544 3665 qui
564 3597 896 3648 astronomia
916 3615 1131 3668 operam
1157 3594 1245 3648 de-

226 3671 328 3738 dit,
369 3675 573 3746 primus
620 3674 855 3729 desectus
893 3676 1032 3728 lunoe
1068 3694 1245 3730 causas

224 3752 436 3818 docuit,
462 3775 565 3826 qua
592 3774 649 3807 re
678 3756 834 3808 etiam
869 3754 940 3809 ad
965 3756 1136 3809 Paulli
1165 3756 1245 3808 vi-

226 3835 450 3885 ctoriam
469 3835 694 3888 multum
713 3855 812 3889 con
821 3837 1106 3890 tulit.Eum
1127 3849 1247 3908 post

225 3932 286 3964 ea
313 3912 386 3965 de
410 3933 468 3966 re
497 3915 736 3968 libellum
752 3915 1006 3982 edidisse,
1028 3929 1248 3970 testatur

230 3992 370 4046 Plin.
405 3994 520 4047 loco
545 3995 689 4048 laud.

1403 2956 1456 3008 3.
1510 2956 1771 3009 Romanus.
1817 2956 1941 3010 Haec
1979 2976 2083 3009 vox
2128 2957 2275 3008 abest
2312 2975 2343 3008 a

1321 3054 1512 3088 novem
1552 3036 1703 3089 MSS.
1743 3049 1796 3088 et
1825 3050 1973 3090 tanto
2011 3034 2344 3089 commodius

1322 3129 1412 3180 ut,
1442 3114 1773 3186 procedente
1808 3129 2071 3170 nostrorum
2110 3117 2309 3168 milimm
2327 3154 2347 3180 ,

1323 3195 1614 3249 necessario
1625 3196 1846 3268 intelligi
1859 3194 2047 3250 debeat
2058 3197 2346 3269 imperator

1326 3293 1594 3328 romanus.

1412 3361 1462 3417 4.
1505 3355 1746 3425 Spurinoe.
1787 3357 1887 3409 An.
1926 3357 1994 3410 U.
2033 3376 2165 3427 709·
2209 3356 2346 3410 Plut.

1331 3436 1385 3486 in
1411 3433 1573 3500 Caes.;
1595 3455 1740 3507 supr.
1768 3437 1821 3501 1,
1845 3441 1907 3502 6,
1934 3436 2347 3490 13.-Mom·ee·s.

1329 3515 1435 3567 Tot
1459 3517 1857 3587 conjuratorum
1894 3516 2173 3570 consilium
2209 3515 2351 3568 diffi-

1331 3595 1431 3648 cile
1465 3595 1628 3649 latere
1657 3597 1833 3668 potuit
1860 3615 1874 3649 ε
1909 3598 2084 3650 forsan
2117 3595 2183 3648 ad
2217 3595 2355 3666 Spu-

1332 3677 1501 3728 rinam
1536 3675 1738 3748 aliquid
1767 3677 1997 3729 rumoris
2034 3677 2354 3748 penetravit,

1332 3756 1442 3808 sive
1478 3756 1662 3810 multis
1691 3776 1754 3809 ex
1795 3758 1963 3810 causis
2001 3757 2085 3808 vir
2121 3754 2355 3828 prudens

1335 3836 1625 3908 suspicatus
1652 3850 1729 3890 est
1753 3836 1990 3900 insidias,
2020 3855 2135 3907 quae
2162 3834 2359 3889 deinde

1337 3915 1581 3969 divinum
1607 3918 1908 3971 habuerunt
1935 3917 2214 3969 monitum.

1411 3998 1477 4050 ¹5.
1510 3999 1608 4051 Eo.
1633 3998 1754 4051 Scil.
1784 3995 1899 4062 die,
1925 4014 2017 4048 seu
2038 4016 2173 4047 manc
2198 3998 2365 4052 subst.

315 4093 368 4125 2.
390 4073 608 4127 Siderum
635 4089 824 4128 viatura.
845 4075 1130 4142 Quomodo
1157 4097 1252 4147 per
1340 4078 1418 4128 Eo
1453 4078 1566 4148 ipso
1594 4077 1683 4131 die
1716 4079 1888 4131 Caesar
1914 4076 2101 4127 XXIII
2127 4077 2361 4130 vulneri-

231 4152 690 4225 interpositionem
716 4170 895 4218 terrae,
917 4158 1080 4210 solem
1114 4158 1251 4210 inter
1342 4158 1437 4210 bus
1465 4159 1518 4210 in
1542 4159 1689 4211 curia
1716 4171 1789 4211 est
1821 4157 2111 4211 confossus.
