3143 5204
751 388 845 461 56
1122 390 1565 459 VALERII
1621 388 2027 456 ΜΑΧΙΜΙ
2084 390 2276 457 LIB.
2334 390 2512 458 VII.

746 556 1057 600 romanus
1088 531 1453 599 cervicibus
1481 543 1650 598 reste
1681 528 2194 616 circumdatum,
2231 555 2349 624 per
2382 531 2558 598 viam
2607 528 2620 552 ¹
2640 534 2879 617 traxit;

747 640 965 731 itaque
1015 637 1304 705 nefarius
1356 637 1559 705 homo
1605 635 1812 704 filium
1862 635 2126 730 quidem
2177 652 2244 705 et
2285 636 2595 705 heredem
2645 637 2884 707 habuit

746 770 939 838 quem
986 741 1231 830 voluit,
1269 742 1467 812 funus
1509 757 1729 811 autem
1769 758 1837 811 et
1877 744 2212 835 exsequias
2257 742 2481 838 quales
2522 745 2784 812 meruit.

854 849 921 918 6.
966 852 1200 944 Neque
1243 848 1382 917 aliis
1424 849 1662 943 dignus
1704 848 1831 917 fuit
1862 851 1938 916 T.
1978 848 2270 918 Marius²
2295 850 2618 935 Urbinas;
2647 853 2758 943 qui
2790 851 2882 918 ab

748 957 974 1024 infimo
1004 955 1250 1026 militiae
1281 955 1463 1042 loce,
1497 954 1833 1024 beneficiis
1869 955 2002 1023 divi
2032 958 2311 1049 Augusti
2346 957 2760 1050 imperatoris
2791 957 2882 1024 ad

748 1088 1039 1131 summos
1082 1077 1444 1133 castrenses
1478 1062 1766 1131 honores
1804 1061 2191 1156 perductus,
2224 1087 2586 1156 eorumque
2623 1063 2880 1130 uberri-

748 1172 870 1236 mis
898 1170 1250 1262 quaestibus
1280 1168 1571 1262 locuples
1599 1168 1842 1256 factus,
1860 1193 1994 1237 non
2022 1168 2232 1237 solum
2261 1170 2512 1238 caeteris
2539 1171 2691 1238 vitae
2708 1183 2882 1237 tem-

746 1276 1048 1367 μοι-ὤας,
1083 1282 1153 1344 ei
1184 1301 1259 1363 se
1269 1276 1618 1365 fortunas
1659 1299 1826 1343 suas
1862 1277 2269 1368 relinquere,
2315 1298 2362 1340 a
2406 1299 2541 1366 quo
2593 1299 2880 1369 accepe-

746 1398 899 1465 rat,
943 1381 1360 1473 praedicavit‚
1398 1380 1509 1449 sed
1547 1384 1742 1450 etiarn
1782 1381 1990 1475 pridie
2029 1406 2225 1474 quam
2269 1381 2879 1472 exspiraret‚-idem

749 1488 920 1554 istud
957 1488 1079 1581 ipsi
1106 1493 1407 1581 Augusto
1437 1488 1633 1574 dixit,
1668 1512 1873 1580 quum
1919 1489 2177 1555 interim
2218 1511 2300 1554 ne
2332 1511 2573 1555 nomen
2608 1487 2882 1580 quidem

747 1593 886 1685 ejus
923 1593 1161 1661 tabulis
1198 1595 1568 1662 testamenti
1612 1592 1941 1686 adjecerit.

858 1725 921 1792 7.
979 1702 1059 1767 L.
1109 1714 1327 1768 autem
1378 1698 1725 1784 ValeriuS,
1772 1701 1878 1767 cui
1931 1724 2298 1793 cognomen
2354 1686 2884 1792 ³Heptachordo

748 1806 914 1891 fuit,
960 1820 1257 1899 togatum
1308 1806 1565 1873 hostem
1621 1803 2002 1874 Cornelium
2049 1804 2326 1872 Balbum
2375 1820 2721 1899 expertus,
2761 1821 2886 1875 ut-

746 1926 901 2003 pote
936 1936 1140 2004 opera
1180 1912 1319 2004 ejus
1362 1926 1430 1979 et
1473 1910 1749 1979 consilio
1794 1910 2245 2004 compluribus
2292 1912 2565 2004 privatis
2604 1926 2886 1982 vexatus

746 2015 1007 2103 litibus,
1050 2017 1134 2085 ad
1178 2016 1615 2111 ultimumque
1660 2018 1954 2109 subjecto
2001 2032 2383 2086 accusatore
2436 2016 2698 2112 capitali
2750 2021 2882 2087 cri—

748 2125 923 2191 mine
953 2138 1337 2209 accusatus,
1375 2125 1718 2218 praeteritis
1755 2123 2090 2191 advocatis
2133 2139 2199 2192 et
2239 2126 2531 2218 patronis
2575 2125 2736 2207 suiS‚
2772 2151 2884 2193 so·

748 2228 883 2298 lum
912 2230 1221 2299 heredem
1251 2230 1545 2324 reliquit3
1578 2233 1776 2299 nimia
1809 2232 2340 2298 consternatione
2360 2284 2377 2315 ‚
2407 2255 2550 2324 quae
2581 2232 2884 2299 animum

746 2337 884 2428 ejus
930 2352 1376 2406 transversum
1416 2339 1578 2430 egit,
1616 2337 2014 2431 depravatus
2035 2325 2075 2401 ⁴.
2115 2337 2377 2404 Amavit
2405 2339 2579 2405 enim
2608 2324 2884 2406 sordes⁵

838 2558 853 2589 1
870 2580 881 2591 .
926 2542 1117 2590 Traxit.
1139 2537 1223 2591 Ad
1252 2540 1537 2591 Gemonias
1560 2541 1736 2592 scalas.

830 2641 880 2671 α.
913 2621 1122 2672 Marias.
1147 2619 1366 2672 Colerus
1386 2631 1437 2671 et
1456 2620 1768 2672 Perizonius

744 2705 925 2773 legunt
952 2700 1016 2752 T.
1039 2698 1335 2761 Tarius‚de
1360 2717 1468 2770 quo
1495 2699 1680 2753 Senec.
1702 2698 1770 2752 de

745 2783 915 2837 Clem.
949 2780 1085 2845 XV;
1120 2791 1172 2831 et
1202 2779 1340 2832 Plin.
1372 2780 1594 2843 XVIII,
1621 2785 1770 2833 6.-

754 2862 978 2915 Urbinas.
1028 2864 1164 2912 Ante
1213 2859 1460 2929 Pighium
1501 2860 1771 2930 legebatur

748 2945 948 3002 ,Ut-inas.
996 2939 1163 2995 Male,
1196 2957 1319 2990 nam
1369 2939 1488 2990 Uria
1523 2953 1600 2992 est
1644 2940 1770 2992 urbs

750 3020 1032 3084 Calabriae,
1050 3022 1199 3090 cujus
1230 3037 1350 3090 ager
1377 3017 1575 3070 dicitur
1610 3019 1771 3070 Urita-

752 3123 852 3154 πω.
892 3100 1101 3151 Urbinas
1125 3111 1299 3150 autem
1327 3110 1511 3149 notum
1544 3112 1621 3150 est
1650 3118 1772 3170 gen·

748 3184 839 3234 tile
867 3186 947 3232 τοῦ
985 3179 1178 3239 Urbini,
1212 3178 1321 3229 sive
1350 3179 1632 3240 Hor-tensis,
1660 3180 1770 3231 sive

749 3262 1066 3314 Metaurenses
1097 3262 1147 3309 in
1183 3258 1393 3308 Umbria.

832 3343 883 3392 3.
918 3338 1273 3408 Heptachordo.
1297 3338 1589 3390 Torrenius
1607 3340 1772 3408 suspi-

748 3433 898 3473 catur
926 3419 1029 3470 hoc
1055 3436 1346 3487 cognomen
1391 3418 1468 3469 illi
1495 3417 1770 3470 adhaesisse

747 3499 892 3572 quod
926 3499 1136 3550 musicae
1164 3497 1241 3549 rei
1274 3498 1661 3550 amantissimus
1694 3510 1768 3549 te-

745 3578 1011 3634 studinem
1030 3590 1230 3648 septem
1257 3578 1432 3629 nervis
1458 3579 1766 3629 instructam

746 3659 1000 3713 amaverit
1018 3697 1032 3722 ,
1076 3670 1164 3709 aut
1205 3657 1344 3728 ipse,
1386 3670 1474 3708 aut
1510 3659 1768 3726 majorum

746 3741 965 3811 aliquis,
995 3758 1021 3790 a
1041 3756 1147 3803 quo
1168 3734 1465 3788 derivatum
1495 3738 1562 3789 sit
1589 3736 1652 3788 ad
1678 3756 1771 3806 po·

747 3834 928 3872 steros.
950 3817 1098 3869 Idem
1123 3816 1206 3867 vir
1232 3815 1418 3868 doctus
1441 3814 1675 3888 disputat
1700 3835 1766 3867 an

748 3901 833 3951 hic
864 3899 1107 3949 Valerius
1130 3895 1269 3948 idem
1304 3897 1401 3962 sit,
1426 3895 1492 3947 de
1519 3917 1627 3968 quo
1654 3896 1764 3948 Cic.

748 3981 802 4030 in
829 3979 974 4030 Orat.
997 3978 1105 4038 111,
1134 3977 1200 4027 23
1218 4016 1233 4040 ,
1253 3977 1386 4045 agit:
1409 3974 1568 4047 idque
1587 3987 1760 4045 negat.

745 4077 908 4129 quum
928 4059 975 4109 C
972 4058 1199 4109 omeliam
1222 4056 1425 4109 Balbum
1449 4070 1596 4126 putet
1618 4057 1767 4108 illum

1863 2540 2188 2599 Gaditanum,
2227 2540 2446 2593 Caesaris
2484 2540 2742 2604 amicum,
2777 2559 2896 2611 pro*

1856 2639 1963 2691 quo
1981 2633 2147 2673 exstat
2172 2621 2341 2672 oratio
2368 2620 2654 2674 Ciceronis.
2679 2652 2758 2662 --
2787 2622 2886 2672 Το-

1852 2714 2039 2770 gotum.
2071 2701 2113 2751 F
2115 2718 2370 2752 orensem.

1940 2787 1991 2843 4.
2030 2778 2194 2832 Nimia
2221 2782 2593 2831 consternatione
2598 2819 2689 2832 .....
2708 2780 2885 2851 depra-

1860 2871 2008 2911 vatus.
2052 2860 2131 2911 Ita
2162 2859 2311 2930 Pigh.
2353 2878 2417 2912 ex
2456 2859 2691 2930 quinque
2719 2859 2885 2913 codd.

1854 2938 2065 3010 scripsit
2075 2958 2090 3003 ;
2106 2958 2271 3009 quum
2287 2938 2455 2992 Aldus
2468 2937 2717 2992 edidisset
2735 2945 2886 2991 nimi-

1858 3039 1960 3070 rum
1997 3023 2312 3070 consternatio
2343 3023 2548 3070 animum
2588 3022 2688 3088 ejus
2720 3033 2886 3071 trans-

1859 3118 2034 3150 versum
2052 3103 2167 3167 egit.
2183 3100 2348 3151 Vetus
2370 3096 2453 3151 ed.
2475 3093 2631 3151 Mart.
2653 3099 2884 3170 Herbip.

1856 3178 1990 3230 sicut
2007 3178 2158 3248 Pigh.
2183 3176 2376 3242 edidit,
2393 3178 2566 3230 habet.
2606 3179 2717 3231 Nec
2739 3181 2885 3232 mul-

1856 3270 1970 3309 tum
1997 3256 2298 3328 discrepant
2322 3256 2478 3310 codd.
2505 3256 2699 3311 Brand.
2725 3259 2887 3312 Unus

1855 3337 2025 3401 enim,
2041 3341 2261 3388 nimirum
2273 3342 2613 3399 consternatio,
2635 3358 2741 3410 quoe
2766 3359 2817 3392 a.
2839 3362 2884 3392 e.

1859 3429 1894 3469 t.
1929 3421 2043 3486 egit.
2078 3418 2225 3470 Alter
2250 3419 2457 3488 plenius
2474 3458 2489 3482 ‚
2519 3421 2738 3469 nimirum
2763 3440 2883 3470 con-

1856 3500 2143 3548 sternatione
2155 3499 2452 3568 depravatus,
2471 3518 2636 3570 quoe...
2653 3503 2768 3567 egit.
2788 3501 2844 3552 Ν
2846 3503 2887 3551 ι’-

1857 3580 2024 3628 mirum
2055 3577 2253 3648 ubique
2281 3578 2534 3639 occurrit,
2567 3576 2707 3629 unde
2733 3580 2884 3631 Vor-

1856 3658 1958 3709 stio
1984 3671 2186 3710 rectum
2219 3676 2328 3710 esse
2360 3655 2599 3718 videtur,
2628 3676 2726 3711 nec
2749 3659 2888 3710 Tor·

1855 3737 2007 3789 renio
2035 3735 2292 3807 displicet.

1944 3817 1991 3869 5.
2056 3816 2245 3869 Sordes.
2289 3816 2566 3868 Infamiam
2592 3853 2609 3877 ‚
2652 3817 2884 3886 ignomi-

1855 3897 2022 3958 niam,
2042 3896 2263 3948 crimiua
2294 3914 2384 3948 sua
2408 3916 2530 3948 cum
2549 3896 2739 3948 misera
2761 3915 2883 3948 reo-

1855 3995 1971 4027 rum
2006 3975 2344 4040 conditione,
2373 3974 2608 4046 squalida
2639 3989 2783 4029 veste
2807 3977 2887 4028 in·

1854 4047 2170 4108 cedentium.
