3143 5204
594 450 601 459 .
712 392 805 461 28
1064 391 1514 458 VALERII
1570 390 1980 458 MAXIMI
2038 390 2456 468 LIB.⁴V'II.

708 524 983 594 crimine
1027 522 1363 610 dicturus,
1406 524 1765 591 maximum
1810 522 2131 589 honorem
2176 521 2392 590 subito
2433 536 2657 616 petere
2694 548 2823 592 coe·

707 632 804 726 pit
838 656 852 698 ε
892 656 1027 699 non
1070 630 1248 724 quod
1287 643 1613 724 speraret,
1652 653 1720 697 se
1755 626 1937 696 illum
1980 629 2291 722 consequi
2331 653 2559 723 posse,
2600 629 2715 697 sed
2757 642 2829 697 ut

706 737 1030 813 haberent
1057 736 1392 824 homines,
1419 735 1533 804 ubi
1564 760 1955 830 procursum
1986 736 2133 822 irae,
2161 735 2276 828 qui
2303 736 2660 804 acerrimus
2691 760 2830 805 esse

710 843 873 914 solet
900 898 921 930 ‚
965 843 1386 912 effunderent
1419 869 1437 930 3
1482 867 1694 937 neque
1739 867 1890 911 eum
1934 842 2075 910 haec
2116 857 2250 912 tam
2302 841 2535 911 callida
2577 841 2831 911 consilii

706 953 875 1019 ratio
929 949 1155 1020 fefellit
1191 976 1205 1018 :
1245 951 1521 1019 comitiis
1545 949 1561 972 ¹
1601 952 1776 1019 enim
1817 947 2107 1019 clamore
2153 948 2424 1037 infesto,
2468 963 2535 1017 et
2587 949 2835 1018 crebris

707 1059 909 1126 totius
951 1058 1288 1126 concionis
1333 1055 1531 1127 sibilis
1580 1071 1887 1141 vexatus,
1924 1071 2082 1125 nota
2123 1058 2316 1125 etiam
2362 1055 2668 1150 denegati
2704 1056 2834 1124 ho·

707 1166 888 1234 noris
917 1166 1304 1257 perstrictus
1324 1218 1342 1251 ,
1372 1163 1665 1258 ejusdem
1699 1162 1906 1259 plebis
1944 1161 2141 1257 paulo
2176 1178 2329 1258 post
2361 1165 2434 1231 in
2463 1162 2837 1231 discrimine

707 1273 861 1339 vitae
905 1269 1408 1340 clementissima
1450 1269 1762 1365 suffragia
1800 1285 2108 1390 expertus
2145 1284 2260 1339 est.
2295 1268 2497 1358 Quod
2535 1271 2586 1338 si
2617 1268 2839 1338 adhuc

708 1378 769 1443 ei
812 1376 1127 1445 ultionem
1169 1378 1443 1463 sitienti,
1472 1379 1704 1471 capitis
1742 1379 1841 1446 sui
1882 1375 2245 1471 periculum
2280 1376 2657 1470 objecisset,
2692 1374 2838 1505 nul-

642 1548 647 1553 ,
709 1480 839 1551 lam
888 1498 1143 1577 partem
1187 1430 1585 1553 defensionis
1625 1483 1778 1553 odio
1822 1484 2139 1554 obseratae
2175 1508 2366 1552 aures
2403 1479 2837 1612 reciperent&

820 1614 886 1685 7.
925 1592 1099 1659 Huic
1140 1589 1287 1659 vafi
1289 1605 1554 1661 amento
1593 1589 1946 1660 consimilis
1973 1590 2080 1659 illa
2115 1575 2470 1661 calliditas³
2498 1589 2843 1684 :superior

711 1696 1041 1765 Hannibal
1058 1683 1082 1726 ⁴
1105 1722 1142 1765 a
1169 1697 1393 1766 Duilio
1416 1696 1686 1767 consule
1717 1697 1931 1766 navali
1961 1696 2185 1791 praelio
2211 1699 2454 1784 victus,
2478 1698 2844 1788 timensque

713 1799 933 1871 classis
965 1806 1215 1874 amissae
1246 1829 1474 1899 poenas
1505 1804 1701 1891 dare,
1733 1805 2053 1874 offensam
2095 1805 2332 1873 astutia
2369 1805 2532 1871 mire
2570 1803 2843 1884 avertit;

712 1933 866 1977 nam
907 1935 981 1980 ex
1022 1909 1127 1978 illa
1172 1911 1413 1979 infelici
1454 1935 1676 2006 pugna
1718 1913 1900 2006 prius
1935 1935 2134 2004 quam
2170 1909 2372 1980 cladis
2413 1911 2681 1978 nuntius
2717 1908 2845 1977 do·-

714 2041 893 2083 mum
934 2020 1342 2147 perveniret,
1369 2017 1723 2112 quemdam
1761 2043 1843 2086 ex
1874 2019 2102 2088 amicis
2137 2019 2576 2111 compositum
2613 2030 2679 2084 et
2711 2014 2845 2084 for·

713 2109 1525 2219 matum⁵Ca1thaginem
1570 2126 1775 2212 misit3
1819 2126 1930 2218 qui
1983 2140 2331 2219 postquam
2385 2124 2665 2192 civitatis
2707 2122 2850 2215 ejus

714 2232 967 2299 curiam
1005 2232 1328 2300 intravit:
1370 2261 1403 2294 «
1432 2229 1774 2318 Consulit,
1811 2233 2056 2326 inquit,
2087 2257 2206 2300 vos
2244 2228 2611 2314 Hannibal,
2640 2254 2849 2322 quum

712 2335 850 2405 dux
884 2339 1336 2407 Romanorum
1370 2363 1641 2432 magnas
1676 2363 1897 2409 secum
1937 2339 2298 2407 maritimas
2329 2336 2597 2405 trahens
2628 2337 2854 2429 copias

716 2443 1106 2529 advenerit,
1173 2470 1257 2513 an
1311 2469 1464 2512 cum
1524 2470 1604 2513 eo
1657 2446 2011 2540 confligere
2067 2444 2320 2514 debeat.
2359 2474 2396 2510 >›
2445 2441 2857 2513 Acclamavit

714 2551 1061 2619 universus
1095 2565 1358 2620 senatus
1373 2596 1394 2636 ,
1428 2575 1565 2620 non
1605 2576 1753 2620 esse
1786 2552 2057 2621 dubium
2091 2558 2256 2647 quin
2288 2565 2647 2646 oporteret.
2680 2552 2855 2617 Tum

716 2654 860 2742 ille,
902 2655 1271 2748 Cotssclzit,
1325 2659 1571 2752 inquit,
1607 2675 1679 2727 et
1713 2676 2076 2755 superatus
2123 2675 2243 2729 est.
2289 2661 2396 2728 Ita
2441 2657 2720 2726 liberum
2777 2659 2858 2725 iis

724 2872 859 2928 opus
877 2869 1270 2928 est,potestque
1291 2869 1463 2908 sextus
1481 2875 1630 2909 casus
1649 2876 1747 2928 per
1830 2859 1964 2911 vixit
2000 2871 2241 2929 tempore
2281 2856 2440 2928 primi
2489 2857 2614 2910 belli
2653 2857 2857 2928 punici.

724 2949 780 2989 se
805 2955 1012 2988 causam
1040 2935 1307 2989 denotare.
1834 2939 2055 2991 Orosius
2102 2957 2226 2990 eum
2266 2940 2490 2988 seniorem
2533 2937 2861 2988 Harmibalem

810 3036 861 3070 1.
906 3016 1142 3070 Comitiis.
1176 3017 1236 3070 Id
1265 3029 1376 3081 est,
1407 3017 1461 3069 in
1489 3016 1750 3084 comitiis,
1834 3019 2090 3090 appellat,
2121 3030 2181 3070 ut
2220 3018 2286 3069 ab
2329 3017 2451 3082 illo,
2490 3018 2581 3087 qui
2623 3016 2861 3070 secundo

725 3094 854 3149 dum
886 3098 1099 3149 comitia
1135 3098 1472 3149 haberentur.
1507 3096 1591 3149 sic
1625 3097 1750 3148 ludis
1834 3099 1975 3151 bello
2028 3098 2224 3169 punico
2278 3099 2637 3150 Romanorum
2684 3111 2864 3150 terror

730 3195 827 3248 pro
865 3177 1081 3229 ludorum
1112 3178 1208 3231 die.
1247 3175 1529 3230 Suetonius
1554 3176 1610 3230 in
1638 3179 1670 3229 J
1677 3179 1748 3230 ul.
1837 3179 1972 3243 ruit,
2006 3176 2411 3230 discerneretur.
2455 3179 2632 3231 Aur-el.
2672 3177 2866 3230 Victor

730 3256 859 3310 Caes.
889 3257 980 3326 39.
1836 3258 1988 3311 illum
2019 3270 2173 3312 vocat
2195 3258 2531 3316 Himilconem.

815 3357 866 3390 α.
887 3338 1180 3408 Reciperent.
1196 3339 1302 3391 Pro
1317 3340 1609 3407 recepissent.
1632 3339 1756 3392 Cre·
1923 3338 1974 3391 5.
2017 3339 2318 3392 Formamm.
2348 3340 2428 3390 Ita
2461 3339 2688 3391 Torren.
2726 3339 2868 3390 bene

731 3417 827 3469 bra
844 3429 923 3471 est
940 3416 1197 3488 ejusmodi
1221 3431 1518 3489 temporum
1537 3437 1754 3489 permu-
1839 3420 2105 3471 revocavit
2149 3438 2216 3472 ex
2244 3419 2511 3489 plerisque
2542 3417 2692 3470 MSS.
2726 3419 2868 3470 male

732 3498 935 3551 tatio.V
943 3495 1014 3550 id.
1042 3499 1169 3553 infr.
1197 3489 1439 3562 lib.v11,
1464 3516 1579 3569 cap.
1608 3505 1671 3563 4,
1702 3494 1753 3559 S.
1840 3517 1968 3550 vero
2001 3498 2218 3569 quidam
2261 3499 2502 3568 legerunt
2531 3509 2752 3548 ornatum
2782 3499 2867 3550 vel

738 3578 799 3643 53
827 3579 921 3632 lib.
942 3578 1104 3642 VIII,
1142 3597 1255 3651 cap.
1288 3596 1342 3648 7,
1369 3575 1420 3641 S.
1451 3583 1518 3644 ἀς
1558 3580 1755 3632 Justin.
1841 3578 2164 3631 subornatum.
2198 3579 2509 3640 Formaeum,
2542 3576 2600 3630 id
2638 3591 2749 3642 est,
2783 3577 2870 3630 in·

732 3658 827 3711 lib.
861 3659 1030 3724 XIII,
1055 3677 1168 3729 cap.
1207 3654 1337 3722 3,S.
1373 3677 1431 3711 ιι
1459 3676 1476 3722 ;
1514 3659 1631 3711 Liv.
1662 3658 1753 3712 lib.
1843 3670 2097 3711 structum
2145 3656 2429 3718 mandatis,
2461 3677 2578 3729 quae
2609 3672 2785 3728 ageret
2818 3671 2874 3710 et

736 3738 997 3803 XXXIV,
1016 3757 1129 3809 cap.
1154 3756 1175 3789 1
1188 3756 1234 3803 ι,
1249 3757 1368 3790 cum
1387 3751 1501 3793 not.
1517 3739 1756 3792 Gronov.
1844 3739 2153 3810 loqueretur
2168 3739 2219 3790 in
2234 3739 2481 3791 curia.·--
2494 3739 2649 3790 Misit.
2669 3739 2875 3790 Plinius

823 3820 872 3871 3.
900 3819 1178 3874 calliditas.
1202 3820 1305 3871 An.
1332 3819 1401 3872 U.
1434 3820 1567 3888 493.
1590 3820 1760 3872 Zona·
1846 3837 1958 3872 non
1989 3819 2187 3872 misisse
2218 3819 2553 3891 quempiam,
2572 3816 2664 3870 sed
2696 3818 2871 3888 ipsum

735 3917 851 3960 ras;
885 3899 1135 3963 Orosius,
1163 3899 1279 3962 IV,
1315 3918 1377 3968 73
1414 3899 1596 3952 Aurel.
1618 3900 1759 3951 vict.
1847 3899 2085 3970 profugis
2063 3896 2373 3961 ese-ducem,
2390 3898 2874 3969 Carthaginempe·

738 3979 943 4033 XXXV
953 3980 1051 4040 111,
1850 3979 2002 4044 tisse,
2022 3991 2073 4031 et
2097 3998 2122 4030 a
2144 3990 2325 4030 senatu
2350 3978 2648 4049 quaesivisse
2668 3991 2878 4044 narrat,

824 4066 874 4126 4.
904 4060 1169 4112 Hannibal.
1202 4058 1449 4130 Gisgonis
1472 4057 1644 4123 filius,
1669 4058 1762 4129 qui
1850 4057 1980 4129 quid
2004 4059 2105 4113 sibi
2138 4069 2270 4111 esset
2297 4056 2637 4112 faciendum?
