3143 5204
782 477 918 550 158
989 444 990 451 ‘
1164 480 1599 546 VALERII
1655 481 2062 547 MAXIMI
2120 481 2306 547 LIB.
2364 483 2495 549 lx.

767 615 964 706 igitur
999 613 1065 679 in
1097 611 1299 705 dubio
1331 626 1469 696 est,
1506 610 1771 680 Sullane
1811 614 2029 706 prior,
2066 636 2151 679 an
2189 613 2531 682 iracundia
2567 614 2766 683 Sullae
2808 619 2894 683 sit

769 732 1107 787 exstincta.

1109 926 1216 976 DE
1273 924 1418 975 IRA
1478 924 1583 975 ET
1638 923 1858 975 ODIO
1914 924 2555 978 EXTERNORUM.

870 1108 1141 1205 Neque¹
1187 1109 1271 1176 ab
1315 1109 1556 1201 ignotis
1600 1106 1898 1201 exempla
1946 1123 2168 1202 petere
2211 1108 2433 1202 juvat,
2481 1125 2550 1178 et
2590 1113 2893 1180 maximis

769 1219 924 1285 viris
956 1215 1354 1310 exprobrare
1389 1215 1548 1282 vitia
1587 1238 1702 1282 sua
1730 1214 2139 1283 verecundiae
2169 1229 2285 1284 est.
2318 1218 2647 1297 Caeterum
2685 1242 2891 1310 quum

765 1324 1084 1420 propositi
1121 1321 1281 1390 fides
1318 1318 1859 1390 excellentissima
1896 1346 2170 1414 quaeque
2207 1321 2556 1416 complecti
2593 1338 2893 1408 moneat,

770 1425 1111 1498 voluntas²
1152 1422 1334 1522 operi
1370 1426 1595 1512 cedat;
1631 1426 1789 1494 dum
1834 1425 2148 1521 praeclara
2193 1427 2468 1498 libenter
2511 1429 2893 1524 probando,

765 1537 1130 1605 necessaria
1170 1533 1484 1601 narrandi
1521 1535 1922 1602 conscientia
1956 1559 2093 1602 non
2134 1534 2318 1603 desit.

887 1694 942 1738 ι.
981 1666 1434 1737 Alexandrum
1471 1666 1812 1736 iracundia
1849 1691 1967 1735 sua
2004 1668 2487 1762 propemodum
2525 1666 2685 1737 caelo
2721 1668 2893 1737 deri·

768 1761 988 1870 puit33
1016 1799 1169 1842 nam
1199 1773 1356 1911 quid
1392 1773 1678 1858 obstitit,
1715 1799 1848 1866 quo
1885 1775 2100 1842 minus
2136 1772 2292 1844 illuc
2327 1789 2733 1868 assurgeret,
2771 1776 2895 1843 nisi

772 1881 1200 1976 Lysimachus

1276 1878 1448 1948 leoni
1486 1880 1814 1973 objectu5‚
1856 1895 1922 1948 et
1955 1879 2186 1974 Clytus
2223 1881 2410 1949 hasta
2449 1883 2797 1974 trajectu5‚
2827 1896 2896 1949 et

771 1973 1236 2058 Callisthenes⁵
1289 1987 1459 2053 mori
1506 1985 1773 2079 jussus?
1824 1988 1976 2080 quia
2026 2000 2159 2055 tres
2213 1991 2528 2056 maximas
2582 1988 2895 2056 victorias

773 2096 1044 2165 totidem
1086 2095 1449 2162 amicorum
1491 2093 1747 2187 injustis
1784 2092 2070 2161 caedibus
2112 2095 2325 2163 victor
2362 2079 2627 2162 6edidit.

778 2214 790 2247 l

858 2332 900 2361 1.
940 2308 1102 2379 Neque
1124 2307 1185 2357 ab
1206 2310 1458 2375 ignotis...·.
1480 2317 1530 2357 et
1550 2308 1785 2357 maximis.

770 2390 986 2461 Pighius
1003 2385 1175 2439 dedit:
1197 2388 1339 2438 Nunc
1355 2386 1416 2437 ab
1436 2390 1686 2455 ignaria..
1708 2385 1795 2437 sed

774 2472 1004 2521 maximis.
1019 2467 1176 2518 Male.
1187 2468 1324 2519 Nam
1339 2466 1504 2537 ignoti
1523 2485 1631 2518 non
1647 2478 1788 2529 sunt,

771 2563 831 2604 ut
856 2547 1072 2619 Pighius
1111 2547 1368 2618 explicat,
1408 2545 1628 2598 externi.
1658 2545 1792 2597 Sunt

774 2629 1017 2690 obscuri,
1047 2645 1278 2697 quorum
1301 2627 1536 2696 exempla
1562 2623 1792 2696 proferri

776 2712 1003 2762 fructum
1031 2725 1140 2758 non
1169 2705 1352 2769 affert,
1379 2719 1432 2757 et
1459 2703 1792 2757 verecundiae

777 2803 950 2842 tamen
983 2800 1061 2838 est
1087 2802 1355 2838 recensere
1381 2784 1509 2836 vitia
1544 2784 1792 2836 maximo—

776 2887 898 2922 rum
928 2867 1166 2918 virorum
1184 2884 1198 2927 ;
1218 2864 1307 2916 sed
1331 2865 1441 2935 ipsa
1465 2864 1691 2915 instituti
1714 2883 1794 2916 ra·

778 2950 853 3001 tio
893 2945 1124 3018 postulat
1142 2982 1157 3008 ‚
1198 2958 1257 2996 ut
1297 2962 1405 2995 non
1449 2944 1790 2997 reticeantur.

777 3028 941 3082 Cedat
966 3045 1107 3094 ergo,
1141 3025 1339 3094 inquit,
1370 3024 1596 3075 volumus
1626 3028 1791 3094 oper1'3

779 3105 925 3180 quod
959 3105 1090 3158 mihi
1134 3105 1371 3156 conscius
1408 3122 1553 3166 sum,
1585 3123 1670 3155 me
1700 3123 1794 3156 ne-

778 3187 994 3241 cessaria
1035 3184 1289 3237 duntaxat
1333 3202 1546 3236 narrare
1569 3221 1586 3244 ..
1630 3202 1793 3255 quum

778 3270 949 3340 probo
968 3266 1191 3318 libenter
1212 3265 1477 3335 praeclara.

866 3366 914 3399 α.
949 3347 1201 3396 Voluntas.
1232 3346 1349 3409 Qua
1373 3363 1480 3396 non
1505 3344 1608 3396 nisi
1634 3345 1796 3396 hone-

778 3441 856 3481 sta
886 3427 1082 3479 referre
1107 3426 1333 3477 mallem.

865 3508 916 3559 3.
939 3507 1176 3575 Deripuit.
1212 3504 1459 3568 Obstitit,
1486 3523 1594 3574 quo
1621 3504 1794 3555 minus

783 3591 920 3640 inter
938 3585 1064 3638 deos
1081 3597 1463 3636 numeraretur.
1488 3581 1619 3634 Vid.
1641 3584 1795 3635 Curt.

783 3669 943 3730 VIII,
978 3667 1006 3717 3
1028 3705 1042 3730 ‚
1079 3681 1181 3726 123
1219 3664 1424 3715 Arrian.
1455 3664 1569 3727 1V;
1608 3664 1788 3715 Senec.

781 3747 848 3801 de
875 3750 958 3799 Ira
982 3784 997 3809 ,
1029 3745 1140 3799 ΙΙΙ,
1182 3762 1277 3813 173
1310 3741 1377 3795 de
1410 3744 1578 3796 Clem.
1604 3744 1664 3805 1,
1699 3744 1790 3795 25.

863 3835 893 3891 4
905 3865 916 3878 .
939 3824 1259 3898 Lysimachus.
1276 3824 1327 3875 Is
1341 3821 1625 3875 crudeliter
1638 3824 1793 3874 muti-

779 3910 885 3960 lato
911 3904 1218 3960 Callistheni
1243 3921 1506 3955 venenum
1534 3902 1789 3972 praebuit3

779 3987 1158 4055 damnatusque
1176 3984 1312 4035 hanc
1333 3984 1403 4034 ob
1426 4000 1632 4034 eausam
1650 4016 1664 4040 ,
1688 3981 1792 4033 leo·

782 4068 861 4119 nis
873 4067 1051 4135 lingua
1069 4075 1273 4134 arrepta
1293 4102 1308 4127 ‚
1338 4063 1500 4114 feram
1524 4061 1789 4113 exanima-

780 4166 807 4196 ν
817 4146 997 4209 it.Quo
1008 4145 1142 4195 facto
1154 4139 1493 4195 inAlexandri
1507 4140 1788 4192 amicitiam

1876 2302 2055 2370 rediit,
2066 2319 2116 2358 et
2127 2305 2253 2358 inde
2263 2325 2353 2359 rex
2363 2307 2603 2359 Thracia
2615 2307 2783 2360 faetus
2796 2320 2894 2360 est.

1961 2384 2010 2437 5.
2063 2385 2392 2439 Callisthenes.
2438 2385 2565 2438 vid.
2608 2406 2757 2457 supr.
2801 2387 2894 2439 lib.

1877 2463 1985 2515 VII
2003 2505 2018 2530 ,
2042 2484 2155 2537 cap.
2186 2485 2212 2517 2
2235 2462 2306 2532 ,S
2342 2469 2407 2530 83
2438 2466 2631 2518 Justin.
2657 2467 2783 2527 XV,
2813 2466 2864 2519 3·

1959 2548 2011 2596 6.
2035 2545 2225 2597 Edust.
2253 2545 2490 2618 Kappius
2519 2546 2654 2599 hanc
2677 2565 2897 2608 vocem,

1878 2643 1995 2693 quae
2021 2639 2185 2679 exstat
2202 2627 2258 2679 in
2281 2627 2494 2698 optimis
2520 2640 2572 2680 et
2593 2627 2897 2698 antiquissi-

1877 2703 1977 2755 mis
1998 2705 2153 2758 MSS.
2174 2707 2255 2759 vel
2279 2704 2401 2759 edd.
2429 2718 2482 2759 et
2502 2719 2705 2761 rectum
2728 2707 2899 2772 *hahet

1878 2801 2116 2846 sensum,
2149 2786 2203 2838 in
2237 2799 2436 2839 textum
2459 2786 2658 2857 recepit
2676 2825 2691 2849 ‚
2722 2789 2900 2856 conje-

1878 2875 2080 2916 cturam
2110 2866 2281 2935 Pighii
2307 2867 2523 2937 perdidit
2545 2867 2759 2936 rejicere
2786 2886 2896 2918 non

1878 2940 2142 2998 dubitans..
2192 2947 2252 2997 In
2299 2946 2521 2998 Susiano
2536 2985 2552 3010 ‚
2602 2957 2703 3016 pro
2744 2947 2903 2996 edidit

1878 3023 2068 3093 legitur
2096 3026 2387 3096 Αειιιφαοὶι,
2415 3024 2558 3097 quod
2583 3044 2692 3078 non
2720 3026 2899 3078 minus

1879 3104 2112 3156 alienum
2142 3118 2235 3157 est.
2258 3106 2500 3158 Valerius
2517 3106 2660 3158 enim
2684 3124 2896 3158 musam

1880 3183 2032 3234 affert
2058 3203 2152 3236 cur
2178 3185 2474 3238 Alexander
2496 3187 2604 3237 fere
2627 3186 2682 3238 in
2708 3186 2895 3238 caelum

1880 3264 2127 3334 assurgit,
2154 3269 2266 3335 quia
2298 3284 2488 3338 nempe
2514 3279 2617 3318 tres
2643 3266 2897 3317 maximas

1880 3344 2123 3395 victorias
2154 3343 2415 3398 edidisset.
2436 3344 2593 3410 Quod
2615 3363 2747 3398 vero
2776 3346 2896 3397 nnl-

1880 3422 1982 3474 lam
2010 3424 2283 3476 historiam
2313 3425 2425 3478 sine
2450 3426 2692 3477 acumine
2713 3424 2898 3477 dimit-

1881 3515 1990 3554 tere
2007 3505 2137 3555 solet
2151 3505 2362 3575 ‚pungit
2373 3504 2897 3557 simulAlexandi-um

1880 3580 2007 3634 dum
2040 3581 2212 3647 addit,
2235 3602 2359 3636 eum
2399 3604 2611 3656 quoque
2639 3586 2895 3637 victorem

1882 3663 2038 3715 fuisse
2057 3664 2262 3733 injustis
2284 3663 2512 3716 caedibus
2532 3663 2751 3717 totidem
2772 3666 2900 3716 ami-

1879 3761 2080 3795 corum.
2106 3744 2411 3796 Perizonius
2435 3745 2703 3816 ingeniose
2727 3746 2897 3815 conji-

1878 3824 1948 3875 cit
1982 3843 1993 3873 :
2029 3825 2159 3874 victo
2189 3824 2396 3874 reddidit
2407 3844 2428 3885 ,-
2459 3824 2515 3875 id
2547 3835 2648 3886 est,
2679 3843 2897 3875 omnem

1876 3902 2093 3971 gloriam
2110 3939 2125 3963 ,
2144 3920 2303 3973 quam
2321 3922 2384 3955 ex
2401 3903 2634 3956 victoriis
2658 3917 2897 3974 ceperat,

1878 3982 1984 4033 suis
2007 3980 2237 4034 cedibus
2268 3984 2414 4053 quasi
2440 3984 2611 4036 amisit
2628 4023 2643 4047 ‚
2667 3996 2720 4036 et
2749 3985 2898 4054 quasi

1878 4080 1986 4113 non
2003 4062 2355 4132 contigissent,
2378 4068 2509 4115 victo
2528 4064 2767 4116 hostiens
2788 4063 2899 4113 red-

1877 4141 2017 4194 didit.
