3143 5204
781 482 915 551 118
1080 483 1524 550 VALERII
1592 483 2006 551 ΜΑΧΙΜΙ
2075 486 2266 553 LIB.
2338 486 2569 553 VIII.

1405 700 1478 788 C
1504 699 1770 786 APU
1795 701 1874 784 T
1902 650 1909 657 ‘
1938 699 2214 787 xlv.

1244 901 1339 963 De
1375 866 1719 987 capannam
1745 900 1976 987 glot-ise
2006 905 2072 963 in
2101 902 2417 965 Romanis.

765 1098 802 1128 ι.
834 1083 882 1127 Ρ.
914 1081 1134 1129 Afric-no
1165 1086 1355 1144 majore.
1387 1109 1447 1119 -—
1489 1099 1531 1130 2.
1556 1085 1617 1131 D.
1651 1086 1796 1130 Bruto
1826 1082 2053 1130 Gallnico.
2085 1109 2146 1119 —
2175 1084 2217 1131 3.
2234 1063 2337 1131 Ὠιι
2364 1084 2586 1147 Pompeio
2614 1085 2811 1147 Magno.
2835 1112 2896 1122 —

1018 1170 1065 1217 4.
1089 1162 1220 1211 Snus
1241 1163 1410 1211 Felice.
1444 1189 1505 1199 —
1528 1164 1571 1211 5.
1598 1163 1767 1224 Bquite
1789 1162 2010 1227 quodam.
2042 1189 2102 1199 —-
2126 1162 2176 1210 6.
2204 1163 2261 1211 C.
2286 1163 2432 1211 Fabio
2451 1164 2648 1227 pictore.

1247 1325 1342 1388 De
1371 1324 1714 1412 cupiditate
1740 1324 1971 1412 glon'oe
2003 1326 2068 1388 in
2101 1325 2424 1391 Externa.

765 1522 804 1552 ι.
828 1507 1138 1555 Tbemistocle
1169 1510 1442 1556 atheniensi.
1464 1536 1526 1546 —
1549 1524 1595 1556 α.
1626 1509 1891 1556 Alexandro
1916 1511 2109 1573 Magno.
2136 1536 2198 1545 --
2229 1510 2274 1557 3.
2298 1511 2546 1558 Aristotele
2578 1509 2814 1574 §tagii-ite.
2837 1538 2895 1546 —

1303 1595 1349 1643 4.
1374 1590 1601 1636 Pausania
1619 1589 1887 1636 macedone.
1910 1614 1973 1624 ——
1998 1589 2043 1636 5.
2065 1590 2350 1636 Herostruto.

1027 1757 1131 1810 DE
1170 1756 1680 1810 CUPIDITATE
1720 1757 2057 1810 GLORtAE
2095 1757 2185 1809 IN
2226 1756 2620 1810 ROMANIS.

866 1925 1132 1995 Gloria¹
1168 1914 1361 2014 vero,
1404 1941 1522 1995 aut
1560 1925 1737 1994 unde
1780 1928 2064 2012 oriatur,
2107 1940 2225 1994 aut
2259 1925 2448 2019 cujus
2482 1927 2566 1994 sit
2592 1925 2897 2012 habitus,

758 2048 873 2101 aut
916 2058 1046 2127 qua
1089 2033 1344 2102 ratione
1386 2031 1626 2102 debeat
1676 2033 2085 2127 comparari,
2136 2046 2205 2100 et
2248 2055 2333 2100 an
2374 2029 2606 2101 melius
2661 2056 2702 2100 a
2755 2034 2895 2100 vir-

758 2154 932 2223 tute,
978 2139 1179 2209 veluti
1222 2164 1358 2208 non
1395 2139 1799 2225 necessaria,
1843 2137 2251 2234 negligatur,
2289 2137 2573 2206 viderint
2608 2138 2685 2225 ii,
2730 2164 2894 2233 quo·

759 2271 907 2315 rum
965 2248 1034 2315 in
1091 2243 1629 2341 contemplandis.
1678 2244 2058 2339 hujusmodi
2121 2245 2320 2313 rebus
2381 2268 2543 2314 cura
2606 2246 2897 2329 teritur;

759 2354 1129 2447 quibusque
1173 2351 1312 2441 illa,
1353 2377 1500 2448 quae
1536 2351 1900 2447 prudenter
1935 2352 2573 2440 animadverterunt,
2611 2350 2897 2421 facunde

760 2453 1039 2554 contigit
1075 2458 1332 2554 eloqui:
1368 2484 1493 2555 ego
1528 2460 1595 2526 in
1627 2458 1759 2537 hoc
1799 2484 2003 2554 opere
2045 2458 2236 2527 factis
2275 2473 2615 2546 auctora,
2652 2472 2721 2527 et
2748 2482 2903 2528 auc-

758 2567 1013 2636 toribus
1042 2567 1218 2636 facta
1246 2591 1366 2636 sua
1397 2565 1675 2636 reddere
1710 2579 2093 2653 contentuS‚
2121 2579 2369 2660 quanta
2399 2564 2723 2660 cupiditas
2752 2565 2897 2659 ejus

762 2697 902 2741 esse
934 2672 1170 2760 soleat,
1207 2675 1492 2769 propriis
1523 2671 1841 2768 exemplis
1878 2672 2333 2764 demonstrare
2366 2672 2678 2742 conabor.

879 2803 901 2847 1
921 2832 936 2847 .
976 2780 1292 2874 Superior
1318 2777 1704 2850 Africanus²
1737 2780 1933 2849 Ennii
1970 2793 2181 2876 poetae
2213 2777 2503 2875 effigiem
2541 2779 2609 2848 in
2646 2803 2894 2849 monu-

757 2888 1001 2955 mentis
1057 2884 1379 2956 Corneliae
1438 2888 1654 2981 gentis·
1710 2886 2019 2957 collocari
2079 2883 2327 2969 voluit,
2388 2885 2568 2980 quod
2625 2885 2894 2982 ingenio

758 2994 899 3086 ejus
937 3017 1138 3088 opera
1184 3017 1301 3063 sua
1338 2991 1659 3063 illustrata
1694 2993 2019 3087 judicaret
2039 3046 2057 3079 ‚
2099 3017 2235 3066 non
2281 2991 2543 3086 quidem
2589 2992 2894 3087 ignaruS,

849 3214 895 3247 1.
944 3194 1139 3261 Gloria,
1172 3194 1279 3246 Alii
1309 3195 1459 3266 plus,
1486 3194 1573 3247 alii
1607 3195 1782 3250 minus
1868 3195 2029 3264 gloria
2063 3205 2221 3245 autem
2262 3194 2413 3256 unde,
2454 3192 2548 3248 sed
2576 3213 2743 3265 quum
2785 3194 2894 3248 fre·

758 3278 899 3345 justo
924 3275 1050 3328 huic
1080 3276 1398 3329 tribuerunt.
1438 3272 1545 3328 Sed
1569 3274 1653 3327 vir
1684 3276 1778 3328 bo-
1870 3292 2037 3344 quens
2067 3273 2135 3326 sit
2167 3274 2394 3340 Nostro,
2437 3274 2596 3327 etiam
2622 3273 2681 3327 in
2710 3274 2897 3346 priore

759 3374 861 3407 nus
891 3367 945 3406 et
983 3354 1218 3425 prudens
1246 3374 1421 3427 neque
1458 3354 1640 3427 gloria
1669 3356 1780 3409 avi·
1869 3354 2136 3417 membro,
2158 3352 2558 3424 conjunctiones
2583 3367 2698 3407 tum
2722 3372 2894 3428 copu-

759 3433 860 3487 dus
877 3434 1127 3500 inhiabit,
1141 3455 1313 3507 neque
1330 3436 1487 3507 plane
1502 3454 1620 3489 eam
1633 3453 1781 3506 sper·
1867 3433 2052 3487 latins
2065 3473 2082 3498 ‚
2112 3445 2224 3486 tum
2242 3432 2585 3505 disjunctivas
2601 3452 2862 3506 usurpare
2882 3475 2898 3503 ,

761 3529 881 3578 net,
910 3533 1077 3586 quum
1101 3514 1168 3568 sit
1197 3516 1357 3569 variae
1393 3514 1460 3569 ad
1490 3535 1575 3569 res
1602 3533 1783 3587 geren-
1868 3514 2215 3568 mutationem
2256 3513 2565 3585 Pighianam
2600 3514 2896 3568 Tou-enias

759 3595 852 3649 das
882 3595 1139 3648 utilitatis.
1160 3597 1312 3649 Levis
1332 3596 1647 3668 plerumque
1666 3594 1780 3647 ani·
1867 3593 2017 3665 sequi
2053 3594 2245 3647 noluit.
2286 3625 2367 3637 -
2416 3595 2466 3647 Τ
2460 3597 2625 3647 eritur.
2673 3594 2897 3665 Pighius

759 3676 833 3728 mi
869 3689 974 3739 est,
1017 3675 1152 3729 nihil
1188 3677 1428 3729 laborare
1459 3674 1529 3729 de
1567 3675 1781 3728 virtutis
1869 3674 2143 3727 Ciceronis
2163 3674 2327 3727 libros
2344 3672 2412 3726 de
2431 3673 2599 3746 gloria
2620 3674 2775 3727 innui
2795 3675 2892 3728 ha-

756 3756 940 3826 gloria.
958 3754 1119 3809 Unde
1138 3756 1384 3809 Ciceroni
1401 3754 1639 3810 assentiri
1657 3773 1779 3826 pos·
1866 3752 2091 3807 riolatur
2105 3792 2121 3822 ‚
2140 3773 2371 3825 quorum
2388 3753 2630 3807 meminit
2652 3754 2861 3808 Gellius
2875 3793 2895 3820 ‚

756 3855 938 3891 sumus
963 3858 983 3889 :
1023 3863 1044 3882 ι
1067 3836 1322 3898 trahimur,
1354 3836 1649 3907 inquienti,
1677 3853 1778 3886 om·
1866 3834 1992 3898 XV,
2017 3836 2071 3888 6.

758 3936 839 3968 nes
863 3919 1021 3970 studio
1056 3916 1213 3969 laudis
1232 3954 1248 3976 ,
1277 3928 1327 3967 et
1353 3920 1554 3986 optimus
1585 3918 1779 3987 quisque
1950 3913 2896 3979 2.Asrccanus.vid.Liv.xxxvm;

760 4005 958 4050 maxime
966 3998 1127 4067 gloria
1143 3996 1439 4048 ducitur.—
1453 3995 1629 4048 Gloria
1642 4015 1772 4055 vero,
1867 3993 2056 4046 Cicero
2085 4013 2186 4065 pro
2217 3994 2412 4047 Archia
2444 4007 2626 4065 poeta;
2657 3993 2891 4058 Plinius,

759 4076 1422 4130 miewede.Sichahe11tfe1·e
1435 4074 1774 4128 omuesMSS.
1866 4073 2068 4127 Histor.
2100 4073 2334 4127 Natural.
2356 4074 2446 4127 lib.
2475 4075 2613 4139 VII,
2637 4093 2753 4145 cap.
2783 4075 2888 4136 303

760 4172 810 4210 et
853 4157 934 4211 ed.
967 4159 1108 4227 Meg.
1142 4157 1358 4226 Pighius
1395 4174 1522 4208 vcro
1561 4153 1779 4208 dederat
1866 4153 2029 4207 Solin.
2062 4173 2114 4222 7.
