3143 5204
367 472 557 541 CAP.
615 471 758 579 III,
811 471 935 537 DE
991 470 1284 538 VAFRE
1339 470 1576 537 DICT.
1634 470 1815 536 AUT
1871 470 2116 538 FACT.
2241 493 2331 565 27

317 607 386 687 4.
448 604 919 695 Lampsacenae
973 624 1131 667 vero
1186 600 1364 667 urbis
1418 599 1591 668 salus
1621 653 1640 687 ,
1701 602 1893 670 unius
1949 600 2340 668 vaframenti

216 708 537 777 beneficio
568 705 928 796 constitit¹3
965 731 1116 774 nam
1156 732 1360 799 quum
1397 706 1481 774 ad
1517 704 1879 774 excidium²
1914 708 2053 800 ejus
2085 731 2342 775 summo

219 814 430 889 studio
482 813 857 883 Alexander
900 812 1216 897 ferretur,
1264 837 1817 908 progressumque
1862 827 2049 882 extra
2099 814 2343 881 moenia

217 922 735 1009 Anaximenem,
784 933 1255 1015 praeceptorem
1295 944 1524 1002 suum,
1570 918 1876 1007 vidisset3
1926 921 2079 1013 quia
2121 920 2340 987 mani-

220 1027 457 1097 festum
525 1041 709 1113 erat,
767 1027 1063 1096 futurum
1091 1081 1111 1115 ,
1170 1041 1244 1094 ut
1294 1050 1522 1121 preces
1577 1049 1726 1094 suas
1783 1027 1895 1095 irae
1949 1027 2088 1119 ejus
2133 1051 2342 1120 oppo-

224 1149 435 1221 neret,
465 1158 612 1203 non
613 1134 977 1234 facturum
1004 1159 1081 1202 se
1101 1133 1292 1228 quod
1296 1139 1589 1228 petisset
1603 1132 1868 1224 juravit.
1901 1134 2087 1200 Tunc
2116 1132 2350 1200 Anaxi·

226 1266 444 1310 menae
462 1294 483 1327 ,
514 1244 689 1309 Peto
702 1292 720 1324 ,
746 1242 990 1334 inquit,
1014 1254 1093 1309 ut
1105 1244 1562 1335 Lampsacum
1581 1238 1835 1308 diruas.
1858 1243 2016 1308 Haec
2035 1238 2348 1307 velocitas

222 1350 594 1441 sagacitatis
624 1347 940 1442 oppidum
979 1362 1237 1417 vetusta
1275 1346 1613 1417 nobilitate
1652 1345 1970 1440 inclytum
2000 1345 2351 1433 exitiO‚cui

233 1454 631 1523 destinatum
672 1469 847 1539 erat,
891 1453 1230 1523 subtraxit.

331 1576 396 1647 5.
424 1578 900 1647 Demosthenis
927 1603 1190 1672 quoque
1218 1580 1453 1646 astutia
1490 1578 1764 1646 mirifice
1806 1578 2064 1647 cuidam
2106 1574 2354 1644 ancillae

230 1708 617 1754 succursum
652 1699 780 1771 est,
824 1711 969 1778 quae
1008 1687 1352 1779 pecuniam
1395 1685 1675 1779 depositi
1714 1687 1979 1753 nomine
2020 1708 2059 1751 a
2096 1682 2358 1750 duobus

232 1790 602 1885 hospitibus
637 1806 1011 1886 acceperat,
1044 1816 1121 1860 ea
1163 1792 1577 1876 conditione,
1618 1806 1694 1859 ut
1727 1790 1906 1859 illam
1944 1787 2137 1859 simul
2167 1788 2357 1856 utris-

232 1923 352 1991 que
393 1896 744 1983 redderet3
786 1922 1068 1990 quorum
1104 1898 1269 1967 alter
1307 1899 1649 1992 interjecto
1695 1913 1993 1992 tempore
2026 1912 2364 1989 tamquam

234 2018 496 2073 mortuo
549 2006 728 2073 socio
777 2004 1078 2098 squalore
1125 2005 1409 2092 obsitus,
1445 2005 1737 2099 deceptae
1783 2029 2011 2072 omnes
2057 2026 2364 2070 nummos

235 2108 532 2197 abstulit3
594 2113 975 2205 supervenit
1028 2111 1262 2179 deinde
1322 2110 1486 2179 alter
1513 2165 1532 2197 ‚
1590 2126 1656 2179 et
1714 2111 2086 2205 depositum
2139 2124 2364 2203 petere

238 2220 483 2311 coepit:
524 2217 819 2286 haerebat
855 2220 1094 2287 misera
1138 2220 1206 2285 in
1243 2219 1527 2286 maxima
1567 2219 1813 2310 paliter
1855 2231 1921 2284 et
1963 2217 2258 2310 pecuniae
2302 2230 2368 2283 et

240 2323 634 2393 defensionis
670 2325 977 2418 penuria,
1002 2324 1269 2417 jamque
1306 2323 1388 2390 de
1423 2322 1660 2441 laqueo
1706 2337 1773 2390 et
1806 2320 2157 2416 suspendio
2189 2322 2366 2449 cogi·

241 2431 455 2517 tabat3
495 2428 613 2498 sed
649 2444 1020 2524 opportune
1059 2430 1541 2499 Demosthenes
1578 2431 1636 2497 ei
1682 2443 2001 2523 patronus
2036 2412 2371 2511 affulsit3,

242 2538 347 2630 qui
382 2550 460 2605 ut
494 2537 565 2605 in
602 2535 1098 2607 advocationem
1126 2539 1335 2625 venit,
1364 2565 1397 2600 «
1426 2535 1670 2605 Mulier
1690 2537 1978 2630 ‚inquit‚
2017 2548 2245 2629 parata
2274 2548 2374 2602 est

244 2642 521 2738 depositi
569 2667 637 2711 se
679 2643 808 2712 fide
856 2633 1150 2713 solvere⁴
1165 2671 1185 2732 ;
1221 2644 1335 2713 sed
1383 2645 1508 2713 nisi
1564 2645 1815 2712 socium
1874 2642 2260 2729 adduxeris,
2304 2639 2371 2709 id

246 2749 454 2818 facere
488 2775 624 2817 non
656 2764 909 2844 potest'3
937 2753 1282 2844 quoniam,
1310 2764 1386 2818 ut
1417 2753 1555 2845 ipse
1588 2749 2003 2834 vociferaris,
2025 2748 2166 2817 haec
2198 2748 2370 2817 dicta

250 2870 341 2924 est
378 2855 528 2941 lex,
570 2881 654 2924 ne
690 2860 971 2951 pecunia
1010 2856 1196 2926 alteri
1231 2860 1369 2926 sine
1407 2856 1614 2926 altero
1659 2871 2128 2925 numeretur.»

347 2961 414 3032 6.
461 2965 558 3030 Ac
586 2987 671 3031 ne
698 2962 856 3032 illud
885 2989 1120 3059 parum
1148 2964 1411 3058 quidem
1443 2963 1843 3058 prudenter:
1873 2961 2141 3058 quidam
2172 2960 2373 3029 Athe·-

256 3070 346 3136 nis
379 3071 689 3138 universo
734 3071 1041 3165 populo
1023 3073 1309 3160 invisus,
1352 3094 1616 3139 causam
1658 3070 1836 3164 apud
1878 3094 2030 3137 eum
2068 3051 2374 3161 capitali⁵

334 3283 380 3316 1.
416 3265 665 3318 Constitit.
694 3265 825 3319 Vid.
856 3267 1075 3320 Pausan.
1099 3267 1263 3319 Eliac.
1352 3265 1456 3318 reis
1473 3265 1687 3336 patroni
1704 3264 1984 3324 dicuntur,
2008 3263 2275 3335 adfulgere
2298 3275 2376 3315 ta-

262 3364 321 3406 ι,
348 3356 400 3396 et
432 3344 637 3398 Suidas.
672 3348 1018 3417 Lampsacum
1051 3348 1178 3399 urbs
1210 3347 1266 3398 in
1354 3364 1475 3398 men
1515 3346 1693 3437 magis·
1706 3345 1969 3397 Tor-renio
2004 3344 2201 3415 placet,
2228 3341 2376 3415 quod

256 3423 424 3476 littore
439 3424 768 3497 Hellesponti
789 3427 885 3477 sita
901 3463 918 3490 ‚
941 3426 998 3478 in
1020 3445 1113 3478 ora
1137 3427 1268 3479 asia·
1355 3425 1591 3478 subitum
1609 3436 1662 3476 et
1677 3425 2092 3495 inexspectatum
2113 3426 2224 3492 ejus
2238 3422 2381 3476 auxi-

259 3503 366 3555 tica.
386 3505 517 3557 Vini
535 3506 849 3559 feracissima
865 3519 977 3559 erat
998 3506 1141 3576 regio
1164 3508 1267 3559 cir·
1355 3506 1486 3557 lium
1509 3523 1750 3576 expresse
1777 3503 2042 3557 declarare
2070 3502 2299 3556 videtur.

258 3586 570 3653 mmjacens:
588 3583 730 3637 unde
748 3583 1068 3638 hauddubie
1084 3587 1270 3639 aPria-
1438 3591 1490 3648 4.
1546 3585 1610 3637 Se
1639 3583 1747 3653 fide
1785 3585 1976 3637 solvere.
2015 3583 2101 3637 Sic
2142 3582 2382 3654 plerique

263 3681 325 3731 po
357 3663 568 3716 condita
609 3665 920 3736 perhibetur
939 3702 956 3729 ‚
998 3666 1187 3718 Bacchi
1218 3679 1272 3720 et
1356 3664 1508 3717 MSS.
1538 3664 1783 3717 nonnulli
1808 3677 1982 3717 tamen
1998 3663 2150 3732 fidem
2177 3662 2375 3724 solvere,
2429 3713 2432 3718 ,

263 3741 476 3796 Veneris
504 3745 633 3797 filio.
1357 3743 1504 3815 quod
1522 3764 1631 3797 non
1654 3745 1876 3796 omnino
1899 3742 2256 3797 damnandum
2279 3755 2381 3806 est;

337 3842 386 3875 α.
445 3825 727 3877 Escidt'um.
768 3825 1082 3896 Complures
1122 3824 1268 3877 MSS.
1358 3843 1480 3876 nam
1516 3845 1565 3876 se
1596 3823 1703 3893 fide
1737 3827 1913 3878 solvere
1950 3836 2001 3876 et
2019 3822 2171 3892 fidem
2207 3821 2383 3874 solvere

264 3906 475 3964 exitium,
521 3923 625 3975 qua
667 3922 796 3956 voce
838 3905 998 3976 paulo
1039 3915 1158 3974 post
1205 3904 1272 3957 de
1359 3903 1546 3957 eodem
1569 3923 1728 3957 sensu
1749 3900 2217 3978 usurpantur.Vid.
2240 3902 2281 3953 F
2282 3903 2380 3954 lor.

264 3978 433 4034 eadem
460 4002 520 4036 re
550 3984 744 4037 Noster
772 3985 955 4038 utitur.
1360 3986 1414 4052 1,
1443 4002 1464 4036 1
1482 4023 1499 4049 ,
1527 4005 1618 4038 ια.

340 4062 390 4115 3.
420 4064 649 4130 Affulsit.
684 4055 876 4117 Ald‘ina
903 4078 956 4117 et
999 4064 1111 4115 aliae
1142 4075 1268 4116 vett.
1445 4064 1495 4117 5.
1543 4065 1774 4135 Capituli.
1805 4064 1957 4136 Pigh.
1984 4062 2192 4134 scripsit
2215 4063 2275 4113 de
2300 4081 2382 4112 ca-

269 4137 379 4195 tdd.
407 4143 605 4197 habent
634 4145 809 4210 adfixit.
846 4145 1029 4197 Adesse
1056 4142 1271 4215 quidem
1355 4145 1517 4213 pituli.
1539 4146 1742 4196 Verum
1766 4142 2144 4216 praepositione
2170 4143 2228 4193 de
2251 4141 2385 4194 nihil
