3143 5204
781 322 820 355 f

575 476 782 545 CAP.
841 476 953 556 II,
1008 475 1144 540 DE
1201 474 1966 545 CRUDELITATE.
2178 482 2310 574 147

321 606 387 678 3.
448 605 924 701 Damasippus¹
966 603 1126 673 nihil
1171 602 1376 673 laudis
1419 594 1682 695 habuit,
1723 607 1901 702 quod
1942 616 2319 706 corrumpe·

213 728 349 799 ret3
387 716 608 808 itaque
646 716 962 782 memoria
1002 712 1140 804 ejus
1180 709 1513 781 licentiore
1555 717 1969 783 accusatione
2011 718 2322 811 perstrin-

214 823 429 914 gitur:
487 820 673 914 cujus
722 821 907 913 jussu
958 818 1328 914 principum
1381 820 1661 889 civitatis
1709 822 1922 914 capita
1961 822 2324 892 hostiarum

215 926 540 1022 capitibus
595 929 919 1020 permixta
971 938 1163 1009 sunt3
1217 924 1671 1019 Carbonisque
1711 929 1971 996 Arvinae
2016 944 2325 998 truncum

215 1058 456 1127 corpus
501 1031 798 1127 patibulo
838 1032 1108 1100 affixum
1152 1044 1474 1122 gestatum
1513 1046 1645 1100 est:
1687 1032 1851 1100 adeo
1895 1047 2009 1101 aut
2048 1036 2326 1129 flagitio-

215 1141 445 1207 sissimi
479 1139 765 1207 hominis
795 1152 1077 1232 praetura
1108 1133 1387 1203 multum
1408 1190 1427 1219 ‚
1455 1151 1569 1211 aut
1593 1137 1966 1232 reipublicae
1993 1138 2329 1234 'majestas

214 1244 371 1313 nihil
411 1239 654 1339 potuit!

317 1355 387 1436 4.
435 1353 778 1420 Munatius
808 1352 1004 1419 etiam
1034 1334 1364 1428 Flaccus³‚
1394 1352 1775 1443 Pompeiani
1808 1355 2093 1423 nominis
2121 1358 2334 1424 acrior

215 1483 411 1552 quam
446 1455 851 1553 probabilior
880 1457 1220 1542 defensor,
1262 1480 1466 1549 quum
1506 1455 1591 1523 ab
1638 1458 2032 1552 imperatore
2078 1464 2335 1531 Caesare

215 1565 279 1631 in
307 1565 632 1659 Hispania
681 1561 967 1633 inclusus
1007 1563 1332 1631 moenibus
1359 1563 1859 1657 Atteguensium
1904 1566 2337 1655 obsideretur,

217 1669 562 1739 efferatam
595 1668 1045 1739 crudelitatem
1083 1694 1265 1741 suam
1299 1667 1853 1739 truculentissimo
1884 1698 2124 1768 genere
2154 1699 2338 1743 vesa-

216 1779 340 1845 niae
369 1778 706 1862 exercuit3
736 1801 965 1846 omnes
997 1777 1170 1845 enim
1202 1776 1341 1869 ejus
1373 1776 1599 1870 oppidi
1635 1778 1849 1864 cives,
1889 1805 2054 1873 quos
2092 1780 2339 1851 studio-

218 1884 420 1952 siores
484 1884 759 1952 Caesaris
817 1897 1148 1969 senserat,
1205 1880 1536 1977 jugulatos
1600 1885 1807 1952 muris
1866 1887 2340 1980 praecipitavit3

221 1989 496 2058 feminas
539 2014 835 2083 quoque,
883 1990 1095 2059 citatis
1135 1988 1510 2058 nominibus
1545 1991 1838 2059 virorum
1864 2045 1883 2079 ,
1919 1994 2030 2086 qui
2067 1993 2135 2059 in
2175 2018 2341 2062 con-

222 2098 433 2166 trariis
458 2097 690 2165 castris
711 2111 931 2183 erant,
955 2111 1029 2164 ut
1050 2094 1258 2164 caedes
1283 2095 1641 2190 conjugum
1671 2121 1939 2165 suarum
1968 2115 2342 2184 cernerent,

224 2204 664 2296 maternisque
691 2204 953 2296 gremiis
976 2202 1424 2296 superpositos
1449 2201 1688 2272 liberos
1716 2203 2102 2291 trucidavit,
2131 2205 2344 2274 infan-

225 2324 451 2403 tesque
501 2308 663 2377 alios
709 2310 777 2376 in
826 2322 1186 2403 conspectu
1233 2322 1584 2402 parentum
1620 2308 1827 2378 humo
1869 2309 2073 2405 infligi
2091 2299 2139 2397 ⁴,
2183 2310 2345 2380 alios

226 2415 698 2510 superjactatos
734 2414 879 2509 pilis
916 2416 1127 2509 excipi
1161 2414 1372 2507 jussit.
1414 2416 1581 2503 Quae
1621 2414 1849 2484 auditu
1881 2418 2073 2485 etiam
2115 2417 2345 2486 intole-

227 2615 379 2667 etiam
413 2614 593 2667 vocari
628 2614 779 2667 illum
818 2633 846 2666 a
886 2613 1151 2665 Plutarch.
1188 2611 1243 2664 in
1334 2613 1472 2665 illius
1511 2614 1785 2666 severitate
1826 2616 2055 2679 abesset,
2107 2618 2348 2672 licentius

227 2695 431 2760 Mario,
464 2712 521 2765 p.
556 2694 685 2757 314.
1331 2704 1506 2744 tamen
1530 2693 1842 2765 plerumque
1874 2695 2202 2765 loquebatur.
2239 2699 2348 2752 Ve·
2409 2725 2412 2730 ·

310 2793 357 2828 ι.
384 2776 727 2844 Damasippus.
749 2774 812 2824 A.
832 2773 901 2825 U.
928 2776 1059 2842 671.
1085 2770 1240 2824 Oros.
1331 2772 1411 2824 lut
1441 2790 1607 2842 quum
1640 2773 1947 2846 Pompeius,
1982 2795 2009 2827 a
2045 2779 2348 2834 consulibus

228 2855 294 2910 V,
335 2872 435 2923 193
459 2855 575 2906 Liv.
606 2853 916 2916 LXXXV1;
942 2851 1130 2904 Vellei.
1156 2852 1236 2907 11,

234 2938 300 2988 26
322 2973 336 2992 .
376 2955 429 2988 2.
475 2936 534 2986 L.
576 2932 918 3003 Damasippus
957 2943 1151 3003 praetor
1181 2949 1242 2983 ex

230 3016 501 3067 voluntate
531 3014 591 3065 C.
619 3012 776 3063 Marii
799 3011 1053 3066 consulis,
1080 3029 1244 3080 quum

230 3108 465 3148 senatum
480 3092 821 3146 contraxisset
835 3131 849 3155 ‚
867 3109 1077 3142 omnem
1093 3128 1110 3153 ‚
1128 3108 1245 3160 quae

232 3176 282 3227 in
296 3177 429 3227 urbe
443 3184 582 3235 erat,
598 3172 924 3224 nobilitatem
942 3168 1239 3231 trucidavit,

233 3267 281 3307 et
306 3256 446 3307 inter
466 3265 681 3306 ceteros
701 3252 770 3316 Q.
791 3251 1022 3302 Matium
1039 3250 1243 3302 Scaevo-

231 3335 358 3390 lam.
385 3345 539 3406 pont.
566 3351 700 3384 max.
730 3329 897 3383 divini
923 3330 1245 3400 humanique

231 3414 356 3483 juris
371 3416 715 3484 interpretem
731 3452 746 3475 ‚
765 3430 855 3463 seu
866 3448 883 3475 ‚
903 3421 965 3461 nt
982 3410 1098 3461 vult
1115 3409 1244 3461 Vel-

233 3495 360 3546 leius
374 3533 390 3558 .,
421 3505 658 3544 auctorem
683 3490 1096 3544 celeberrimum.

315 3593 365 3626 a.
399 3574 647 3642 Majeseas.
686 3571 967 3626 Omnium,
998 3569 1087 3639 qui
1119 3586 1248 3638 prm-

235 3665 380 3706 erant
406 3653 649 3722 justitiae,
674 3650 954 3704 auctoritas
986 3646 1121 3699 nihil
1147 3666 1245 3717 po·

238 3735 358 3795 tuit,
370 3734 464 3803 qui
477 3733 828 3803 penniserunt
837 3763 854 3789 ‚
872 3728 1247 3799 Damasippum

238 3825 413 3864 contra
428 3816 515 3881 jus
539 3813 592 3863 in
621 3811 923 3863 innocentes
945 3807 1140 3861 savire.

319 3895 369 3946 3.
389 3893 609 3944 Flaccus.
640 3892 774 3942 Ann.
794 3890 863 3942 U.
895 3889 1025 3958 708.
1049 3886 1251 3939 Hirtius

241 3970 306 4022 de
329 3972 457 4023 Bell.
484 3971 636 4041 Hisp.
661 3988 714 4039 7.
740 3981 792 4022 et
819 3988 906 4021 υ.
932 3968 1145 4020 Flaccus
1161 3965 1249 4018 ille

245 4051 295 4102 in
312 4052 454 4103 omni
473 4052 582 4103 vita
610 4050 864 4103 Catonem
895 4047 1089 4099 imitari
1113 4046 1253 4098 vole-

245 4130 353 4190 bat,
392 4144 446 4184 et
479 4128 720 4202 quamvis
750 4129 905 4198 longe
934 4128 1000 4180 ab
1032 4126 1250 4179 honesta

1329 2850 1656 2918 admonitus.
1688 2866 1747 2906 ut
1770 2852 1996 2920 videret,
2018 2875 2086 2909 ne
2112 2877 2347 2912 crescen-

1332 2943 1406 2982 tes
1435 2932 1652 2984 Caesaris
1669 2952 1794 3004 opes
1821 2935 2043 3005 reipubl.
2070 2952 2239 2991 essent
2255 2959 2347 3011 pe-

1330 3011 1498 3062 riculo
1522 3050 1536 3074 ,
1573 3010 1788 3065 dixisset
1823 3031 1837 3065 :
1883 3015 2037 3067 otiosi
2078 3017 2214 3082 sint;
2261 3039 2346 3084 se,

1331 3107 1497 3160 quum
1542 3092 1774 3162 primum
1813 3092 1947 3163 pede
1993 3106 2185 3150 terram
2227 3119 2349 3170 per-

1332 3169 1547 3221 cusserit
1569 3208 1583 3230 ‚
1633 3184 1804 3223 totum
1841 3174 2024 3226 orbem
2055 3191 2348 3231 commotu-

1330 3267 1477 3312 rum3
1494 3247 1689 3302 deinde
1704 3262 1874 3303 autem
1893 3253 2117 3307 maxima
2132 3258 2349 3311 Caesaris

1331 3328 1563 3399 potentia
1627 3331 2010 3400 ingravescente
2056 3336 2346 3404 periculum

1333 3409 1571 3473 instaret,
1617 3409 1828 3462 Flaccus
1867 3411 2120 3484 Pompeio
2161 3415 2349 3470 dixisse

1332 3488 1499 3540 fertur
1529 3506 1541 3540 :
1569 3503 1762 3560 percute
1788 3509 1910 3542 nunc
1923 3530 1937 3552 ,
1974 3494 2198 3563 Pompei,
2226 3498 2347 3566 pede

1334 3579 1519 3620 terram.
1566 3601 1646 3610 -—
1685 3570 2060 3640 Atteguensium.
2095 3578 2312 3648 Attegua
2330 3615 2343 3633 ,

1333 3646 1598 3719 Hispaniae
1626 3648 1898 3720 oppidum.

1417 3733 1468 3790 4.
1506 3728 1684 3798 Irfie'gi.
1702 3729 1961 3783 Tot-renio
1986 3734 2177 3788 arridet
2196 3738 2250 3788 τὸ
2271 3742 2346 3788 ἰη-

1321 3805 1449 3877 figi,
1486 3820 1546 3859 ut
1583 3822 1816 3880 opponat
1858 3810 1985 3864 alios
2028 3813 2084 3866 in
2122 3817 2347 3870 sublime

1330 3890 1496 3954 jactos
1508 3887 1630 3958 pilis
1650 3902 1916 3960 exceptos,
1941 3891 2068 3944 alios
2084 3895 2235 3948 humi
2260 3897 2343 3948 in-

1336 3966 1495 4031 fixos,
1526 3967 1686 4020 hastis
1714 3967 1954 4022 videlicet
1976 3972 2046 4023 ita
2072 3976 2341 4044 trajectos,

1337 4058 1396 4097 ut
1419 4046 1522 4098 inm
1552 4047 1703 4099 terris
1721 4048 1892 4100 infixae
1908 4067 2191 4107 manerent.
2212 4054 2341 4109 vid.

1336 4124 1424 4178 Sil.
1458 4127 1523 4179 It.
1551 4126 1687 4190 vn,
1721 4132 1851 4181 612.
1883 4147 1959 4199 sq.

1857 4259 1940 4305 ιο
1962 4235 1985 4263 ²
