3143 5204
518 482 736 548 CAP.
782 481 955 565 XV,
1013 482 1147 548 DE
1203 480 1719 549 MENTITIS
1772 481 2110 549 FAMIL.
2225 476 2370 551 205

290 689 388 740 DE
432 687 551 740 HIS
591 688 724 753 QUI
765 688 901 739 PER
940 686 1379 741 MENDACIUM
1423 686 1504 739 SE
1543 687 1622 739 IN
1663 687 1962 740 ALIENAS
2004 689 2339 742 FAMILIAS

732 784 1241 838 INSERUERUNT
1283 786 1477 838 APUD
1514 785 1915 839 EXTERNOS.

374 998 432 1042 1.
483 972 738 1043 Eodem
788 974 1061 1068 praeside
1115 974 1489 1069 reipublicae
1548 976 1617 1042 in
1667 973 1988 1044 consimili
2037 975 2382 1044 mendacio

251 1078 595 1149 muliebris
620 1083 952 1149 temeritas
976 1078 1333 1149 Mediolani
1358 1105 1654 1175 repressa
1677 1095 1805 1150 est:
1832 1080 2148 1174 siquidem
2177 1106 2382 1175 quum

252 1212 325 1255 se
360 1212 487 1282 pro
519 1187 771 1255 Rubria
800 1186 1136 1281 quaedam,
1173 1186 1444 1282 perinde
1480 1211 1558 1255 ac
1596 1186 1760 1256 falso
1793 1186 2041 1256 credita
2071 1202 2241 1257 esset
2278 1190 2378 1256 in-

253 1294 496 1363 cendio
529 1294 835 1388 periisse,
870 1292 1032 1362 nihil
1069 1292 1154 1361 ad
1193 1319 1261 1363 se
1295 1294 1774 1388 pertinentibus
1808 1293 2001 1362 bonis
2040 1294 2389 1380 insereret,

254 1423 381 1468 nec
420 1401 479 1469 ei
522 1414 639 1468 aut
672 1414 922 1469 tractus
965 1400 1105 1492 ejus
1145 1397 1468 1495 splendidi
1500 1414 1739 1487 teste5‚
1781 1415 1898 1469 aut
1929 1399 2223 1469 cohortis
2250 1402 2383 1468 Au-

255 1507 436 1601 gusti
466 1504 689 1574 favor¹
712 1506 998 1592 deesset,
1027 1521 1300 1601 propter
1322 1505 1897 1601 inexpugnabilem
1925 1508 2201 1579 Caesaris
2231 1532 2388 1576 con-

256 1613 568 1680 stantiam
606 1613 791 1680 irrita
831 1612 1064 1681 nefarii
1103 1613 1425 1707 propositi
1468 1614 1647 1681 abiit.

371 1744 441 1787 α.
460 1718 646 1786 Idem
674 1718 1029 1788 barbarum
1053 1719 1437 1813 quemdam,
1466 1719 1553 1787 ob
1569 1720 1875 1788 eximiam
1903 1717 2389 1787 similitudinem

260 1825 705 1919 Cappadociae
765 1851 1046 1921 regnum
1101 1825 1523 1894 affectantem
1549 1877 1569 1908 ,
1623 1840 1959 1918 tamquam
2012 1826 2392 1894 Ariarathes

257 1946 468 2012 esset,
504 1955 701 2026 quem
731 1957 770 2000 a
802 1934 897 1999 M.
927 1933 1219 2000 Antonio
1260 1933 1728 2027 interemptum
1771 1930 1916 2000 luce
1947 1929 2188 2001 clarius
2218 1947 2392 2016 erat,

257 2062 666 2131 quamquam
697 2063 882 2132 paene
906 2039 1114 2108 totius
1134 2038 1425 2108 Orientis
1460 2039 1802 2107 civitatum
1832 2052 1899 2106 et
1927 2040 2220 2133 gentium
2253 2063 2393 2108 cre-

256 2143 421 2213 dula
455 2143 928 2240 suffragatione
973 2142 1249 2231 fultum,
1293 2158 1494 2240 caput
1529 2141 1848 2238 imperio,²
1891 2144 2233 2213 dementer
2273 2146 2393 2213 im-

260 2252 552 2338 minenS,
572 2250 751 2344 justo
784 2249 1166 2346 impendere
1198 2251 1521 2346 supplicio
1553 2251 1786 2345 coegit.

261 2479 363 2513 nec
390 2458 525 2513 adeo
554 2459 621 2511 ab
651 2460 762 2531 ipsa
792 2460 1040 2526 veritate3
1083 2471 1287 2514 constat
1374 2458 1507 2513 adeo
1523 2458 1780 2520 alienum,
1804 2470 1864 2512 ut
1883 2470 2087 2512 textum
2112 2473 2397 2514 mutemus.

262 2540 409 2593 enim
428 2551 554 2612 post
569 2540 727 2593 Sullae
744 2538 1160 2593 dominationem
1176 2559 1287 2592 non
1461 2559 1488 2591 α
1501 2579 1514 2592 .
1544 2541 1764 2612 Imperio.
1792 2538 1954 2605 Quod
1972 2540 2272 2592 Ariarathes
2301 2540 2398 2592 ob-

261 2621 443 2675 statim
470 2619 680 2692 imperii
705 2621 1060 2692 gubernacula
1084 2619 1153 2673 ad
1179 2622 1291 2675 Cae-
1377 2621 1624 2674 tinuerat.
1641 2652 1722 2663 —-
1739 2620 1924 2691 Coegit.
1942 2619 2094 2673 Ordo
2115 2634 2191 2674 est
2212 2639 2227 2674 ε
2254 2620 2397 2674 idem

263 2721 435 2754 sarem
462 2719 574 2754 esse
601 2699 835 2754 reducta.
1377 2703 1644 2772 Augustus
1685 2701 1855 2772 coegit
1892 2701 2175 2754 barbarum
2215 2720 2399 2772 quem-

339 2783 781 2850 1.Augmisam.
797 2781 1103 2834 Perizonius
1121 2782 1291 2852 legere
1380 2779 1585 2834 dam....
1616 2780 1922 2852 impendere
1944 2785 2086 2851 justo
2112 2781 2399 2853 supplicio,

261 2859 454 2915 madet
481 2881 495 2913 :
533 2862 739 2913 cohortis
775 2861 1041 2932 Auguste,
1090 2886 1113 2908 ι
1148 2859 1295 2932 quod
1380 2878 1702 2932 quamquam
1739 2874 1896 2932 caput
1927 2859 2199 2914 dementer
2225 2861 2401 2914 immi-

264 2960 378 2993 non
417 2941 731 3007 conveniat,
770 2939 1013 2994 eumdem
1050 2940 1140 2993 hic
1180 2942 1292 2993 Au-
1380 2960 1511 2993 nens
1529 2940 1754 3012 imperio
1778 2941 2054 2995 fulciretur
2066 2940 2280 2995 credula
2298 2940 2405 2993 suf-

261 3033 484 3091 gmtum,
512 3021 676 3073 altera
695 3021 837 3075 linea
860 3021 1119 3075 Caesarem
1142 3038 1295 3074 voca-
1381 3021 1672 3092 fragmione
1691 3021 1967 3076 civitatum
1991 3033 2044 3076 et
2059 3022 2297 3093 gentium
2320 3033 2402 3073 to-

262 3102 335 3154 ri.
358 3128 383 3151 »
416 3099 523 3155 Sed
549 3102 654 3156 hoc
679 3120 711 3156 a
733 3101 949 3156 Valerio
970 3114 1154 3156 nostro
1181 3119 1293 3154 non
1381 3101 1486 3153 tius
1513 3100 1768 3154 Orientis.
