3143 5204
725 444 769 524 ί,
1042 436 1489 505 VALERII
1568 436 1983 504 MAXIMI
2055 438 2244 505 LIB.
2321 438 2498 507 VII.

727 571 1076 640 securitate
1104 569 1326 639 ridens
1353 568 1725 664 tugurium,
1753 592 1951 662 quam
1978 569 2230 637 tristem
2258 571 2435 638 curis
2460 585 2527 638 et
2554 569 2857 642 sollicitu-

728 677 990 746 dinibus
1025 675 1284 763 aulam3
1313 699 1689 770 paucasque
1726 673 1949 767 glebas
1985 677 2249 770 pavoris
2284 692 2614 770 expertes,
2655 704 2854 774 quam

728 770 1154 879 pinguissima
1193 781 1419 877 Lydiae
1456 806 1616 850 arva
1653 797 1836 851 metu
1867 780 2151 866 referta3
2190 797 2257 852 et
2295 809 2503 852 unum
2537 800 2655 853 aut
2690 784 2854 855 alte—

728 916 878 959 rum
902 890 1140 985 jugum
1168 889 1371 957 boum
1394 887 1601 958 facilis
1626 887 1846 957 tutelae
1864 887 1908 977 ¹,
1936 913 2133 983 quam
2159 892 2511 978 exercitus,
2539 907 2605 959 et
2637 916 2852 981 arma,

728 1012 795 1065 et
834 999 1197 1091 equitatum
1242 995 1594 1064 voracibus
1636 996 1946 1090 impensis
1989 1019 2337 1066 onerosum
2359 994 2386 1085 ;'
2421 1012 2489 1066 et
2531 1022 2686 1067 usus
2728 1024 2851 1067 ne-

726 1103 987 1172 cessarii
1023 1100 1406 1172 horreolum
1444 1100 1607 1171 nulli
1645 1103 1836 1171 nimis
1871 1104 2346 1197 appetendum,
2374 1129 2571 1197 quam
2599 1105 2854 1174 thesau-

725 1235 835 1278 ros
863 1210 1157 1277 omnium
1189 1208 1432 1278 insidiis
1451 1224 1519 1278 et
1539 1209 2004 1303 cupiditatibus
2034 1212 2384 1305 expositos.
2407 1240 2442 1275 2>
2467 1213 2570 1279 Ita
2595 1214 2816 1306 Gyges
2831 1266 2850 1300 ‚

726 1315 886 1384 dum
928 1314 1465 1411 adstipulatorem
1500 1339 1687 1385 vanae
1724 1317 2051 1411 opinionis
2093 1316 2290 1385 deum
2331 1318 2578 1386 habere
2606 1342 2849 1387 concu-

722 1424 951 1516 piscit,
991 1423 1257 1491 ubinam
1293 1422 1501 1493 solida
1530 1414 1597 1493 ei:
1631 1425 1885 1493 sincera
1905 1423 1923 1447 ²
1962 1438 2134 1495 esset
2167 1422 2473 1511 felicitas,
2500 1424 2743 1493 didicit.

1444 1706 1918 1797 CAPUT
1978 1708 2104 1795 II.

1049 1934 1143 1996 De
1176 1935 1485 2021 sapienter
1511 1932 1694 1995 dictis
1728 1944 1846 1995 aut
1845 1929 2062 2020 factis·
2095 1956 2138 1996 a
2170 1932 2489 1998 Romanis.

712 2118 753 2149 ι.
782 2104 901 2162 App.
927 2098 1139 2147 Claudio.
1162 2125 1224 2133 —
1248 2113 1295 2165 ια.
1323 2101 1374 2145 P.
1398 2098 1617 2160 Scipione
1651 2098 1884 2146 Africano.
1905 2126 1967 2134 —
1998 2100 2041 2147 3.
2076 2102 2139 2158 Q.
2170 2100 2345 2147 cecilio
2378 2102 2429 2147 L.
2462 2102 2514 2146 F.
2549 2100 2758 2151 Metello.
2786 2128 2846 2137 —

771 2189 816 2236 4.
844 2182 896 2227 L.
919 2180 1139 2228 Fimbria.
1163 2206 1224 2215 —
1246 2179 1291 2227 5.
1320 2180 1373 2226 1..
1398 2179 1582 2241 Papirio
1604 2181 1657 2225 L.
1680 2182 1730 2225 F.
1754 2182 1977 2236 Cursore,
1999 2196 2094 2227 cos.
2121 2207 2180 2217 -
2202 2181 2249 2227 6.
2272 2183 2442 2229 Semta
2462 2183 2690 2229 Romano.

1042 2339 1140 2403 De
1176 2340 1486 2426 sapienter
1513 2337 1699 2400 dictis
1733 2350 1852 2401 aut
1860 2337 2073 2424 factis
2103 2339 2186 2401 ab
2214 2341 2506 2402 extermis.

709 2525 751 2556 1.
774 2508 962 2555 Socrate
985 2502 1258 2551 atheniensi.
1286 2527 1350 2537 —-
1384 2516 1429 2548 2.
1460 2502 1634 2548 Solone
1665 2502 1939 2549 adieniensi.
1962 2528 2026 2538 -—
2053 2504 2098 2549 3.
2125 2504 2286 2550 Biante
2312 2504 2565 2565 prienemi.
2589 2530 2649 2540 -—
2677 2511 2720 2559 4.
2745 2505 2845 2551 Pla-

769 2598 878 2634 tone
900 2585 1173 2633 atheniensi.
1201 2610 1261 2619 -
1288 2583 1331 2631 5.
1356 2582 1593 2645 Antigono
1615 2598 1740 2644 rege.
1761 2609 1824 2619 —-
1838 2584 1886 2630 6.
1911 2586 2171 2632 Xenocrate
2194 2584 2497 2647 philosopho.
2518 2610 2580 2621 ——
2604 2600 2648 2644 7.
2673 2585 2847 2632 Aristo·

765 2668 918 2729 phane
940 2664 1134 2711 comico.
1152 2689 1206 2698 —
1222 2662 1267 2707 8.
1286 2663 1482 2710 Thalete
1505 2662 1874 2724 philosopho.—
1886 2680 1933 2727 9.
1952 2664 2265 2711 Themistocle
2283 2666 2556 2711 atheniensi.
2569 2692 2622 2702 —
2641 2680 2713 2712 ιο.
2731 2665 2842 2711 Phi-

764 2748 899 2808 lippo
921 2760 1030 2806 rege
1056 2743 1358 2790 Macedoniae.
1382 2769 1444 2778 —
1484 2758 1554 2788 n.
1590 2743 1840 2800 Aristotele
1871 2745 2172 2806 philosopho,
2196 2771 2260 2781 —
2293 2760 2364 2791 12.
2389 2747 2659 2807 Anaxagora
2689 2746 2842 2792 cluo-

763 2825 934 2873 menio.
966 2849 1028 2858 -
1058 2823 1130 2869 13.
1164 2821 1373 2871 Demade
1408 2821 1679 2868 atheniensi.
1712 2848 1775 2856 —-
1814 2830 1882 2878 14.
1919 2823 2181 2870 Anachnrse
2220 2824 2393 2883 scytha·
2430 2851 2492 2859 —
2525 2823 2595 2870 15.
2629 2823 2843 2886 Agesilao

768 2902 1111 2951 lacedaemonio.
1130 2929 1190 2938 —
1214 2900 1284 2949 16.
1298 2903 1526 2948 Hannone
1542 2917 1697 2964 poeno.
1712 2928 1776 2938 —
1796 2918 1867 2963 ¹7·
1887 2903 2122 2950 Herennio
2140 2904 2307 2950 Pontio
2329 2905 2539 2951 samnite.
2559 2930 2622 2939 ——
2643 2904 2715 2952 18.
2729 2904 2845 2951 Cre-

764 2983 994 3032 temibus.

784 3154 887 3206 DE
928 3149 1385 3206 SAPIENTER
1428 3148 1707 3203 DICTIS
1747 3151 1907 3203 AUT
1948 3150 2230 3205 FACTIS
2269 3154 2316 3204 A
2356 3153 2745 3207 ROMANIS.

812 3317 1010 3384 Nunc
1046 3311 1113 3380 id
1145 3335 1350 3405 genus
1393 3309 1718 3380 felicitatis
1754 3310 2128 3406 explicabO,
2162 3314 2342 3408 quod
2380 3328 2593 3383 totum
2627 3317 2694 3382 in
2722 3315 2839 3384 ha-

706 3424 851 3491 bitu
894 3420 1093 3488 animi
1137 3402 1295 3504 est³‚
1337 3443 1460 3486 nec
1501 3420 1671 3486 votis
1717 3420 1997 3512 petitur,
2035 3420 2149 3489 sed
2190 3423 2259 3489 in
2302 3420 2683 3515 pectoribus
2725 3447 2836 3490 sa-

796 3644 817 3678 1
833 3663 845 3676 .
866 3622 1066 3675 Tutelae.
1082 3617 1728 3688 Facilistutelaeest‚quod
1814 3619 1851 3671 l.
1869 3619 2027 3672 XXX
2043 3661 2058 3686 ,
2077 3639 2125 3673 c.
2152 3640 2255 3687 ao;
2283 3622 2475 3692 Nep.1.
2491 3623 2615 3686 XV,
2629 3642 2677 3676 c.
2696 3624 2726 3675 3
2745 3662 2760 3686 ,
2780 3630 2835 3686 4.

708 3704 859 3760 facile
876 3716 929 3755 et
946 3701 1061 3755 sine
1079 3700 1282 3771 magnis
1299 3698 1596 3770 sumptibus
1613 3711 1727 3751 tue·
1902 3719 1951 3752 2.
1979 3700 2198 3754 Sincem.
2215 3701 2300 3754 Sic
2326 3702 2523 3755 babent
2541 3702 2837 3773 septemde-

706 3787 780 3848 ri,
795 3782 854 3836 id
868 3795 973 3846 est,
990 3781 1211 3834 tolerare
1222 3792 1377 3851 atque
1389 3780 1529 3832 alere
1539 3780 1725 3849 possis.
1813 3779 1917 3831 cim
1937 3780 2090 3833 MSS.
2115 3780 2363 3834 Torrenii
2376 3820 2393 3846 ,
2412 3780 2496 3834 ed.
2521 3794 2623 3834 vet.
2646 3795 2700 3834 et
2725 3783 2831 3835 alii.

711 3866 859 3917 Tnen'
867 3862 1007 3914 enim
1023 3880 1131 3914 non
1145 3857 1307 3912 modo
1321 3858 1463 3912 idem
1476 3857 1726 3929 est,quod
1813 3858 1954 3912 Male
1968 3860 2131 3931 igitur
2149 3860 2301 3931 Pigh.
2320 3860 2490 3915 edidit
2508 3880 2690 3914 secura.
2703 3860 2830 3912 vid.

701 3945 812 3998 vim
842 3961 1021 3995 arcere
1046 3960 1108 3994 ac
1138 3959 1250 3993 rem
1279 3937 1561 3992 defendere
1589 3959 1603 4004 ;
1632 3938 1724 3992 sed
1813 3940 1897 3991 111
1914 3980 1928 4003 ,
1962 3959 1987 3991 2
2013 3978 2030 4004 ‚
2068 3958 2090 3992 1
2103 3979 2116 3991 .

701 4038 757 4077 et
776 4034 968 4075 statum
988 4035 1042 4074 et
1063 4020 1477 4075 incolumitatem
1494 4020 1573 4072 rei
1592 4037 1719 4072 con·
1896 4021 1947 4073 3.
1964 4021 2077 4072 Est.
2093 4019 2193 4072 Ed.
2213 4034 2315 4076 vet.
2336 4021 2548 4075 omittit.
2572 4020 2830 4074 Nonnulli

699 4120 926 4159 servare.
941 4100 1069 4154 vid.
1086 4101 1446 4165 Columvll,
1469 4119 1495 4152 2
1509 4100 1720 4164 23P1in.
1809 4104 2023 4153 consistit
2046 4101 2241 4170 legunt.
