3143 5204
1577 288 1598 318 ἱ

693 439 735 508 8
1034 435 1489 505 VALERII
1552 434 1974 503 ΜΑΧΙΜΙ
2030 434 2216 502 LIB.
2282 435 2463 503 VII.

690 583 989 654 senatus,
1029 593 1233 664 quum
1276 568 1363 637 ob
1401 568 1596 636 nimis
1640 566 1909 662 aspere¹
1953 580 2166 635 actam
2208 591 2553 636 censuram
2594 592 2634 636 a
2682 570 2812 639 Cn.

688 676 909 745 Baebio
949 676 1217 745 tribuno
1253 673 1464 769 plebis
1500 698 1626 768 pro
1655 673 1881 742 rostris
1917 686 2268 766 agerentur
2303 675 2430 762 rei,
2461 697 2674 744 causae
2714 675 2813 744 di-

691 784 909 852 ctione
944 781 1211 863 decreto
1245 805 1368 851 suo
1392 778 1729 868 liberavit3
1764 800 2050 849 vacuum
2088 781 2303 850 omnis
2337 780 2565 875 judicii
2595 779 2815 851 metu²

671 914 843 971 ‚eum
881 888 1203 958 honorem
1241 886 1579 956 reddendo
1592 888 1748 1007 ,qui
1781 886 2038 981 exigere
2072 886 2269 956 debet
2297 889 2651 975 rationem,
2677 912 2818 957 non

691 994 985 1064 reddere.
1022 980 1190 1064 Par³
1229 993 1338 1062 illa
1380 994 1699 1089 sapientia
1736 1007 2033 1081 senatus,
2075 1018 2205 1087 qua
2244 994 2386 1063 Tib.
2432 994 2819 1065 Gracchum

690 1102 1033 1171 tribunum
1065 1100 1273 1195 plebis
1299 1101 1646 1195 Agrariam
1669 1098 1880 1194 legem
1912 1099 2333 1221 promulgare
2359 1125 2616 1187 ausum,
2639 1125 2818 1169 mor-

692 1223 759 1277 te
802 1206 1125 1277 multavit.
1170 1206 1398 1295 Idem,
1447 1223 1524 1275 ut
1575 1206 1940 1277 secundum
1986 1207 2196 1300 legem
2240 1206 2386 1300 ejus
2414 1232 2553 1305 per
2588 1212 2821 1276 trium·

663 1362 677 1369 -
693 1301 916 1385 viros⁴
959 1336 1131 1408 ager
1153 1315 1423 1433 populo
1467 1319 1707 1383 viritim
1749 1312 2194 1401 &vider-etur,
2244 1316 2503 1410 egregie
2548 1315 2820 1383 censuit.

696 1419 1034 1515 Siquidem
1073 1422 1470 1516 gravissimae
1505 1421 1841 1491 seditionis
1875 1419 2105 1489 eodem
2151 1434 2452 1571 tempore
2487 1435 2556 1489 et
2596 1434 2823 1489 aucto·

695 1552 836 1597 rem
882 1541 950 1596 et
991 1551 1256 1596 causam
1302 1527 1579 1658 sustulit.

803 1634 1025 1722 Quam
1070 1619 1347 1702 deinde⁵
1393 1659 1461 1704 se
1498 1633 1917 1730 prudenter
1900 1659 1969 1702 ιιι
2000 1659 2155 1729 rege
2197 1634 2544 1703 Masinissa
2585 1627 2824 1728 gessit!

698 1742 873 1810 Nam
911 1764 1113 1835 quum
1156 1742 1649 1836 promptissima
1681 1755 1748 1810 et
1777 1739 2150 1811 fidelissima
2187 1741 2326 1834 ejus
2364 1764 2565 1835 opera
2595 1738 2830 1808 adver·

701 1872 811 1917 sus
854 1846 1432 1941 Carthaginienses
1470 1872 1628 1916 usus
1672 1862 1875 1935 esset,
1912 1872 2195 1942 eumque
2239 1850 2307 1915 in
2349 1845 2687 1915 dilatando
2729 1869 2832 1914 re·

701 1979 836 2048 gno
854 1952 1216 2022 avidiorem
1247 1969 1577 2041 cerneret;
1604 1956 1816 2048 legem
1819 1954 2020 2044 sem
2036 1955 2256 2047 jussit,
2275 1977 2459 2084 qua‘3
2435 1957 2843 2024 Masmzzssae

702 2058 798 2128 ab
828 2064 1111 2155 imperio
1130 2062 1389 2157 populi
1405 2066 1682 2130 romani
1714 2063 2010 2130 solutam
2048 2044 2459 2130 libertatem⁶
2497 2059 2834 2129 tribueret.

704 2168 862 2254 Quo
916 2166 1093 2236 facto
1139 2191 1345 2261 quum
1399 2168 1651 2262 optime
1690 2168 1907 2237 meriti
1962 2166 2487 2239 benevolentiam
2532 2168 2836 2254 retinuit,

704 2287 848 2340 tum
880 2273 1329 2343 Mauritaniae⁷
1362 2289 1428 2343 et
1449 2274 1814 2362 Numidiae,
1842 2290 2358 2369 caeterarumque
2390 2273 2561 2343 illius
2590 2287 2841 2343 tractus

702 2380 1000 2473 gentium
1040 2404 1378 2473 nunquam
1409 2380 1542 2449 fida
1574 2405 1739 2475 pace
1780 2382 2225 2475 quiescentem
2270 2382 2596 2450 feritatem
2632 2405 2671 2449 a
2702 2378 2839 2447 val-

706 2486 808 2554 vis
840 2485 975 2554 suis
1021 2484 1278 2579 repulit.

634 2687 647 2702 ⁸
707 2674 775 2726 be
795 2711 810 2739 ‚
834 2685 887 2725 et
907 2692 1087 2726 sensus
1113 2673 1203 2727 hic
1229 2687 1339 2727 est:
1359 2675 1454 2726 ubi
1473 2675 1613 2728 inter
1629 2675 1732 2727 im·

705 2764 979 2822 peratores
1018 2751 1205 2805 odium
1250 2753 1532 2807 intercedit
1547 2793 1563 2820 ,
1603 2756 1736 2809 alter

709 2851 833 2902 erga
858 2832 1082 2884 alterum
1103 2833 1270 2904 magis
1289 2833 1554 2887 hostiliter
1570 2854 1625 2888 se
1648 2853 1736 2906 ge·

709 2912 809 2977 rit,
832 2913 1087 2984 alterique
1117 2912 1283 2986 magis
1313 2932 1504 2980 nocere
1535 2913 1739 2979 studet,

712 3011 870 3063 quam
882 2991 1024 3045 hosti
1041 2993 1172 3064 ipsi,
1187 3006 1372 3047 contra
1385 3012 1544 3065 quem
1562 3007 1738 3047 tamen

711 3073 771 3124 in
793 3072 994 3126 bellum
1021 3073 1251 3145 profecti
1279 3086 1421 3126 sunt.

802 3153 850 3205 ι’.
879 3152 1082 3222 Aspere.
1116 3154 1254 3207 Nam
1281 3173 1336 3207 se
1366 3153 1594 3209 invicem
1623 3174 1744 3209 cen·

715 3231 858 3287 soria
877 3246 1004 3286 nota
1033 3233 1315 3305 signarant.

802 3330 855 3364 2.
887 3312 1041 3365 Metu.
1067 3314 1205 3367 Nam
1236 3326 1445 3368 senatus
1467 3314 1743 3368 decretum

716 3392 913 3445 factum
946 3405 1050 3458 est,
1070 3413 1138 3446 ne
1163 3393 1366 3463 judicio
1390 3395 1569 3467 aliquo
1599 3395 1747 3448 time-

716 3483 866 3538 rent,
906 3491 963 3525 se
994 3471 1232 3526 damnari
1276 3494 1429 3546 posse
1470 3494 1711 3529 censores
1732 3514 1748 3542 ‚

719 3571 828 3623 quo
866 3552 1042 3606 minus
1082 3553 1305 3607 aliorum
1356 3554 1547 3609 delicta
1587 3556 1747 3627 puni-

720 3644 843 3685 rent
864 3649 876 3684 :
899 3650 1021 3684 nam
1050 3633 1093 3685 si
1115 3631 1352 3687 damnati
1377 3634 1599 3689 fuissent
1612 3673 1631 3699 ,
1649 3654 1748 3688 οω-

721 3711 822 3764 teri
855 3710 1073 3783 quidem
1100 3715 1365 3788 segniores
1395 3716 1516 3769 facti
1548 3727 1748 3780 essent,

719 3789 981 3864 judicium
1003 3806 1329 3859 metuentes,
1348 3815 1410 3849 ex
1430 3815 1538 3868 quo
1556 3814 1751 3867 sequu-

724 3884 839 3923 tum
868 3885 1036 3937 esset,
1072 3886 1132 3926 ut
1169 3876 1339 3945 major
1374 3876 1431 3928 in
1462 3878 1596 3930 urhe
1625 3894 1750 3947 pec-

726 3950 881 4003 candi
925 3953 1137 4006 licentia
1182 3969 1500 4011 nasceretur.
1544 3958 1645 4009 An.
1678 3957 1748 4009 U.

733 4029 865 4098 549.
896 4031 1011 4085 Liv.
1042 4034 1259 4098 XXIX,
1281 4036 1371 4106 37

816 4111 867 4164 3.
891 4112 1013 4164 Par.
1041 4115 1196 4167 Anno
1211 4115 1358 4168 urbis
1372 4115 1599 4169 conditae
1621 4121 1751 4170 620.

1820 2677 2088 2730 Plutarch.
2105 2678 2160 2731 in
2178 2679 2539 2732 Gracchorum
2553 2676 2685 2741 vita;
2698 2677 2837 2747 App.
2865 2670 2874 2681 ⁸

1822 2756 1953 2809 Bell.
1983 2758 2086 2809 civ.
2125 2759 2183 2824 I;
2215 2759 2333 2812 Liv.
2371 2759 2571 2810 LVIII.
2600 2787 2681 2799 ——
2710 2756 2843 2823 Qua.

1823 2837 1973 2890 Hanc
2005 2856 2187 2891 vocem
2230 2839 2485 2892 omittunt
2524 2849 2645 2890 octo
2692 2833 2847 2887 MSS.

1823 2917 2142 2971 Torreniani
2174 2929 2226 2971 et
2255 2937 2438 2972 omnes
2467 2916 2620 2971 editt.
2657 2926 2852 2988 preter
2877 2947 2884 2953 ·

1827 2996 1972 3068 Mog.

1911 3084 1943 3140 4
2014 3078 2322 3131 Trimoims.
2362 3079 2520 3130 Teste
2566 3074 2856 3129 Plutarcho

1828 3175 1936 3209 non
1967 3175 2065 3228 per
2090 3159 2382 3220 triumviros,
2411 3155 2503 3210 sed
2523 3157 2584 3210 P.
2608 3157 2856 3210 Crassum

1830 3236 1942 3306 agri
1974 3249 2097 3289 sunt
2130 3235 2308 3291 divisi.

1916 3317 1967 3370 5.
1989 3317 2194 3368 Deinde.
2215 3316 2280 3370 Id
2299 3330 2593 3388 est‚p0rro,·
2608 3333 2705 3369 nec
2723 3332 2859 3386 opus

1832 3408 1935 3461 est,
1954 3409 2016 3449 ut
2033 3415 2154 3449 cum
2177 3397 2459 3452 Perizonio
2480 3398 2620 3468 legas
2641 3396 2857 3466 denique.

1834 3474 1966 3528 Vid.
2009 3478 2120 3542 vl,
2166 3479 2238 3542 8,
2280 3479 2338 3544 ὅς
2381 3479 2490 3541 ΠΙ,
2539 3495 2599 3542 2,
2652 3495 2744 3529 ιο.
2781 3507 2860 3517 -

1841 3554 2018 3610 Gessit.
2052 3556 2282 3612 Circiter
2311 3560 2412 3610 An.
2438 3557 2509 3609 U.
2544 3561 2680 3610 602.

1918 3641 1971 3690 6.
2017 3637 2323 3690 Libertatem.
2367 3636 2571 3689 Bellum
2612 3632 2831 3707 gerendi
2846 3672 2862 3695 ,

1837 3717 2152 3789 quibuscum
2164 3718 2340 3783 vellet,
2350 3737 2458 3790 quo
2472 3735 2694 3790 regnum
2710 3730 2866 3768 sunm

1839 3798 2152 3870 ampliorem
2175 3813 2353 3870 posset
2382 3796 2626 3850 reddere.

1922 3897 1976 3949 7.
2011 3878 2343 3931 Mauritania
2373 3880 2553 3944 Quum
2581 3875 2727 3929 enim
2759 3891 2867 3926 non

1843 3959 2067 4030 amplius
2082 3960 2338 4013 haberent
2352 3956 2783 4031 provocationem
2800 3949 2869 4005 ad

1843 4037 1895 4090 S.
1918 4039 1975 4091 P.
1996 4040 2065 4104 Q.
2092 4041 2176 4104 R„
2199 4059 2308 4092 non
2333 4039 2556 4112 amplius
2577 4033 2872 4090 molestiam

1847 4120 1922 4172 illi
1952 4121 2262 4174 attulerunt.
