3143 5204
1122 484 1570 552 VALERII
1629 482 2047 551 MAXIMI
2104 484 2295 551 LIB.
2354 485 2573 551 VIII.

776 619 1110 712 pingeret,
1146 619 1439 711 Neptuni
1485 617 1837 710 imaginem
1879 640 2074 710 quam
2130 630 2388 710 poterat
2426 614 2898 684 excellentissi-

779 726 901 794 mis
935 724 1285 817 majestatis
1320 721 1649 791 coloribus
1685 721 2067 817 complexus
2104 736 2233 809 est,
2263 721 2534 817 perinde
2566 733 2643 789 ac'
2681 724 2898 804 jovis,

777 829 1110 924 aliquanto
1145 831 1588 925 augustiorem
1629 844 2213 924 repraesentaturus
2236 884 2255 917 ,
2292 828 2405 898 sed
2434 830 2613 897 omni
2644 830 2900 922 impetu

675 996 680 1001 .
779 938 1195 1031 cogitationis
1223 938 1288 1004 in
1316 937 1637 1032 superiori
1669 961 1870 1030 opere
1898 936 2250 1030 absumpto
2270 990 2289 1022 ,
2315 937 2723 1030 posteriores
2760 935 2903 1028 ejus

780 1059 1055 1114 conatus
1091 1068 1469 1138 assurgere,
1505 1066 1638 1137 quo
1681 1042 2072 1127 tendebant,
2111 1046 2566 1136 nequiverunt.

888 1147 956 1219 6.
1003 1149 1215 1239 Quid,
1242 1148 1348 1218 ille
1370 1148 1386 1174 ¹
1421 1148 1587 1219 alter
1608 1174 1792 1243 aeque
1821 1148 2061 1218 nobilis
2092 1152 2337 1244 pictor,
2368 1149 2741 1218 luctuosum
2781 1148 2904 1216 im-

782 1254 1042 1326 molatae
1080 1257 1440 1351 Iphigeniae
1481 1256 1875 1326 sacrificium
1923 1255 2247 1343 referens,
2291 1281 2497 1350 quum
2535 1252 2905 1325 Calchanta

783 1363 1034 1432 tristem
1051 1416 1069 1450 ,
1096 1377 1402 1432 moestum
1423 1362 1763 1457 Ulyssem,
1790 1362 2183 1433 clamantem
2208 1363 2472 1457 Ajacem
2492 1417 2512 1450 ,
2541 1360 2903 1430 lamentan-

781 1484 916 1538 tem
953 1468 1333 1538 Menelaum
1368 1471 1545 1540 circa
1581 1493 1762 1538 aram
1805 1472 2175 1555 statuisset,
2218 1484 2419 1564 caput
2454 1471 2905 1563 Agamemno-

683 1578 689 1584 “
783 1578 886 1646 nis
928 1574 1362 1665 involvendo,
1407 1601 1630 1645 nonne
1673 1578 1915 1645 summi
1959 1569 2261 1646 moeroris
2299 1575 2724 1646 acerbitatem
2764 1588 2909 1643 arte

783 1683 1061 1777 exprimi
1090 1708 1224 1751 non
1253 1708 1448 1778 posse
1465 1682 1804 1753 confessus
1821 1681 1957 1752 est?
1983 1686 2217 1778 Itaque
2243 1684 2501 1779 pictura
2523 1684 2694 1778 ejus,
2719 1683 2911 1750 haru-

786 1791 1016 1884 spici3‚
1048 1791 1445 1877 amicorum,
1477 1804 1544 1858 et
1582 1789 1799 1860 fratris
1828 1788 2113 1860 lacrimis
2149 1790 2407 1875 madet3
2443 1791 2647 1884 patris
2678 1788 2909 1856 fletum

787 1897 1138 1992 spectantis
1161 1894 1427 1965 affectui
1457 1896 1917 1966 aestimandum
1944 1894 2223 1991 reliquit.

896 2027 961 2099 7.
994 2006 1239 2097 Atque,
1260 2017 1335 2071 ut
1360 2002 1653 2097 ejusdem
1686 2002 1881 2071 studii
1914 2002 2215 2096 adjiciam
2243 2002 2616 2098 exemplum
2635 2056 2654 2087 ,
2683 2003 2912 2096 praeci-

787 2136 933 2204 puae
955 2111 1113 2179 artis
1134 2110 1350 2204 pictor
1365 2107 1386 2133 ²
1411 2134 1653 2204 equum
1680 2111 1765 2179 ab
1789 2111 2254 2180 exercitatione
2281 2112 2685 2197 venientem,
2711 2107 2918 2177 modo

789 485 927 555 108

787 2322 921 2374 riade
950 2342 1008 2373 ac
1034 2322 1170 2374 Jovis
1192 2362 1337 2375 .....
1370 2335 1805 2393 repraesentatum.

785 2403 1034 2456 Pinxerat
1058 2404 1168 2474 jam
1205 2402 1527 2474 Euphranor
1567 2416 1623 2456 et
1662 2422 1809 2456 com-

785 2482 969 2555 plexus
1004 2495 1117 2535 erat
1141 2483 1450 2554 Neptunum
1480 2472 1809 2536 excellentis-

785 2562 931 2617 simis
973 2563 1254 2634 majestatis
1294 2563 1595 2628 coloribus,
1621 2560 1714 2617 sed
1744 2581 1808 2616 eo

785 2643 1037 2708 consilio,
1070 2654 1129 2695 ut
1151 2643 1340 2695 Jovem
1370 2641 1619 2696 redderet
1647 2644 1809 2714 magis

785 2722 946 2776 etiam
976 2735 1254 2793 augustum
1284 2735 1336 2775 et
1376 2723 1660 2794 majestatis
1695 2724 1811 2794 ple-

789 2821 918 2855 num
930 2840 945 2869 ,
961 2803 1016 2854 in
1033 2820 1142 2873 quo
1155 2821 1238 2854 ars
1249 2802 1397 2854 illum
1413 2800 1632 2868 defecit,
1645 2820 1810 2873 quum

790 2883 847 2935 in
866 2882 1125 2954 superiori
1144 2900 1304 2954 opere
1318 2920 1334 2945 ,
1347 2880 1402 2934 id
1418 2895 1496 2934 est
1506 2921 1525 2946 ‚
1538 2883 1811 2954 Neptuno,

789 2981 1000 3014 omnem
1048 2962 1306 3033 impetum
1344 2962 1677 3032 cogitationis
1718 2964 1811 3016 ab·

790 3041 1109 3114 sumpsisset.
1142 3043 1221 3095 Ita
1250 3042 1476 3113 explicat
1500 3042 1809 3096 Torrenius.

793 3127 863 3175 At
892 3121 1034 3175 idem
1066 3121 1240 3173 minus
1263 3123 1431 3186 bene,
1452 3120 1633 3192 judice
1664 3123 1813 3194 Kap-

791 3203 915 3274 pio‚
960 3200 1052 3272 qui
1076 3201 1275 3272 perinde
1316 3222 1375 3253 ac
1409 3201 1728 3254 mutandum
1756 3202 1813 3255 in

792 3283 962 3334 deinde
989 3294 1040 3333 et
1067 3294 1258 3334 censet.
1281 3282 1416 3334 Nam
1431 3282 1632 3352 perinde
1656 3303 1713 3333 ac
1738 3294 1817 3335 est

789 3364 1034 3415 similiter:
1050 3361 1104 3413 in
1121 3362 1299 3414 animo
1313 3362 1568 3415 habuerat
1578 3363 1817 3433 Euphra·

792 3463 917 3508 nor,
930 3442 1080 3495 Jovis
1096 3442 1376 3512 imaginem
1396 3453 1538 3495 tanta
1558 3461 1685 3495 cura
1701 3442 1818 3513 pin-

790 3543 912 3596 gere
934 3562 950 3587 ,
984 3536 1041 3575 ut
1071 3522 1338 3593 aliquanto
1377 3522 1648 3593 augustior
1685 3533 1819 3574 esset

793 3603 1021 3676 imagine
1046 3602 1282 3672 Neptuni
1306 3620 1320 3655 ε
1343 3620 1461 3673 quae
1487 3621 1571 3655 res
1596 3621 1719 3655 eum
1741 3602 1819 3654 fe-

791 3683 941 3737 fellit.
969 3683 1183 3754 Guyeto
1213 3682 1462 3753 ah'quanto
1497 3685 1818 3752 augustiorem

793 3763 1033 3817 addititia
1061 3761 1330 3816 videntur.
1364 3762 1659 3816 Immerito.

881 3864 929 3897 1.
976 3843 1083 3896 Ille.
1130 3841 1440 3894 Timanthes
1460 3881 1476 3906 ,
1520 3842 1613 3912 qui
1663 3841 1820 3894 etiam

795 3926 1002 3996 Ajacem
1027 3940 1406 3992 armorumque
1427 3921 1688 3992 judicium
1711 3922 1826 3992 pin·

795 4017 961 4056 xerat.
995 4003 1130 4055 Plin.
1157 4002 1406 4068 XXXV,
1449 4021 1545 4064 103
1579 4001 1692 4055 Cic.
1726 4001 1821 4054 Or.

802 4102 906 4147 22;
936 4084 1121 4148 Quint.
1154 4083 1241 4146 II,
1283 4081 1351 4134 i3
1379 4102 1395 4147 ;
1429 4083 1696 4146 AElianus,
1724 4083 1825 4145 IX,

802 4183 822 4221 1
845 4183 862 4217 ι
877 4204 888 4217 .
905 4197 980 4205 —-
996 4162 1295 4232 Sacrificium
1312 4164 1444 4215 ‚Rex
1465 4163 1824 4233 Agamemnon

1896 2324 2079 2377 Dianxe
2126 2343 2334 2378 cervam
2383 2324 2595 2395 ignarus
2632 2319 2921 2375 occiderat.

1895 2405 2036 2458 Irata
2082 2403 2181 2457 dea
2205 2441 2223 2467 ‚
2278 2403 2525 2457 fluctibus
2575 2414 2628 2457 et
2674 2401 2926 2473 pestilen-

1896 2484 1970 2537 tia
1995 2484 2322 2554 sacrilegium
2350 2485 2462 2537 ulta
2490 2496 2585 2537 est.
2616 2482 2801 2547 Quum
2827 2498 2925 2534 au·

1896 2576 2004 2619 tem
2025 2582 2093 2618 ex
2116 2565 2331 2618 oraculo
2352 2563 2642 2637 Iphigenia
2667 2560 2926 2634 sanguine

1897 2643 2152 2717 placanda
2178 2658 2313 2698 esset
2333 2645 2533 2708 Diana,
2562 2645 2674 2698 hac
2701 2642 2927 2714 virginis

1860 2759 1863 2768 α
1899 2726 2139 2791 miserta,
2158 2724 2428 2796 supposita
2455 2743 2607 2777 cerva
2623 2765 2639 2790 ,
2660 2723 2926 2794 virginem

1899 2805 2170 2858 transtulit
2215 2805 2268 2856 in
2307 2804 2576 2874 regionem
2613 2804 2929 2868 Tauricam,

1900 2885 1995 2937 ubi
2023 2882 2234 2938 tandem
2251 2923 2267 2950 ‚
2295 2883 2478 2936 Diana
2516 2883 2759 2937 sacerdos
2774 2921 2790 2948 ‚
2820 2883 2931 2935 fra·

1902 2977 2039 3017 trem
2067 2964 2308 3017 Orestem
2346 2963 2573 3034 agnovit.
2616 2964 2702 3017 Sic
2730 2963 2926 3016 fabula.

1900 3076 1980 3087 —
2035 3043 2267 3116 Ulyssem.
2313 3044 2420 3109 Qui
2468 3062 2566 3116 per
2609 3044 2762 3096 falsas
2804 3061 2929 3095 cum

1902 3123 2104 3175 Achille
2125 3124 2338 3194 nuptias
2358 3123 2691 3195 impetratam
2707 3143 2735 3176 a
2761 3136 2932 3176 matre

1903 3203 2234 3274 Iphigeniam
2265 3203 2331 3257 ad
2350 3215 2457 3256 tam
2484 3203 2699 3256 crudele
2730 3203 2931 3256 sacrifi·

1902 3282 2044 3335 cium
2074 3281 2242 3338 duxit.
2267 3285 2662 3338 —lnvoloendm
2686 3283 2830 3350 Quia
2848 3301 2934 3355 pa-

1905 3362 2001 3415 tris
2028 3360 2269 3416 dolorem
2299 3363 2423 3416 satis
2449 3362 2607 3435 digne
2633 3364 2933 3435 exprimere

1905 3460 2013 3493 non
2036 3457 2270 3513 poterat,
2285 3462 2407 3496 eum
2425 3456 2780 3516 spectatorum
2808 3444 2935 3495 ima-

1905 3522 2163 3592 ginationi
2199 3523 2300 3577 sibi
2329 3522 2818 3595 repraesentandum
2848 3542 2934 3577 re·

1905 3602 2079 3673 liquit.
2100 3634 2180 3645 —
2198 3605 2504 3675 Har-aspicis.
2539 3604 2841 3659 Calchantis
2860 3622 2937 3656 sa·

1906 3681 2153 3736 cerdotis.
2185 3715 2267 3727 --
2293 3685 2589 3737 Amicorum.
2638 3684 2847 3755 Ulyssis
2883 3696 2937 3736 et

1906 3762 2078 3834 Ajacis
2107 3781 2122 3827 ;
2158 3763 2300 3816 unde
2340 3777 2486 3835 patet
2525 3764 2661 3817 male
2704 3765 2762 3816 in
2806 3762 2936 3816 edit.

1908 3855 2035 3896 vett.
2065 3854 2119 3895 et
2140 3843 2455 3914 quibusdam
2474 3844 2623 3897 MSS.
2650 3847 2797 3896 amici
2817 3842 2935 3915 legi.

1910 3955 1989 3964 —-
2003 3923 2196 3975 Fratris
2217 3925 2441 3977 lacrimis.
2464 3923 2723 3985 Menelai,
2745 3941 2936 3995 nempe

1912 4003 1956 4054 is
1998 4004 2160 4056 frater
2200 4004 2302 4057 fuit
2343 4004 2782 4075 Agamemnonis,
2830 4022 2937 4055 non

1914 4082 2218 4154 Iphigeniae.

2000 4185 2049 4215 a.
2095 4165 2276 4215 Pictor.
2306 4162 2432 4216 Vid.
2465 4165 2600 4217 Plin.
2634 4165 2671 4216 l.
2705 4184 2754 4217 c.
2799 4163 2935 4216 Plut.
