3143 5204
404 482 616 551 CAP.
679 482 747 565 1,
803 482 940 548 DE
992 480 1467 548 JUDICIIS
1522 483 2036 551 PUBLICIS.
2195 484 2288 581 67

185 611 602 707 exemplum'.
640 614 868 702 Quum
915 609 1245 705 parricidii
1285 636 1548 680 causam
1595 612 1728 680 duo
1764 613 2040 683 fratres²
2081 617 2293 687 Cloelii

186 720 500 806 dicerent,
549 717 893 815 splendido
941 718 1328 815 Tarracinae·
1357 715 1502 788 loco
1558 720 1735 806 nati,
1777 746 2060 814 quorum
2105 740 2295 818 pater

186 830 249 893 T.
276 824 538 895 Cloelius
579 828 650 894 in
684 823 988 893 cubiculo
1024 825 1404 917 quiescen5‚
1437 823 1583 893 filiis
1610 823 1816 894 altero
1847 826 2018 896 lecto
2047 832 2294 900 cuban-

188 932 381 1021 tibus,
414 947 560 1001 erat
594 933 1075 1024 interemptus;
1117 953 1329 1024 neque
1371 946 1487 999 aut
1522 957 1750 1001 servus
1791 935 2137 1029 quisquam
2180 956 2298 1009 aut

192 1037 334 1107 liber
373 1041 782 1108 inveniretur
818 1036 899 1106 ad
939 1061 1136 1131 quem
1174 1039 1460 1132 suspicio
1489 1039 1682 1109 caedis
1722 1042 2122 1134 pertineret:
2165 1045 2295 1116 hoc

192 1172 306 1214 uno
337 1148 604 1215 nomine
643 1143 925 1214 absoluti
968 1158 1156 1230 sunt,
1192 1145 1341 1237 quia
1372 1144 1702 1237 judicibus
1731 1145 2004 1240 planum
2048 1148 2296 1221 factum

195 1267 307 1339 est,
342 1251 487 1321 illos
530 1266 764 1347 aperto
806 1252 976 1320 ostio
1014 1252 1316 1320 inventos
1359 1276 1499 1320 esse
1549 1252 1967 1323 dormientes.
2014 1256 2298 1329 Somnus

194 1360 448 1428 innoxiae
494 1359 860 1429 securitatis
903 1358 1303 1427 certissimus
1342 1358 1539 1426 index
1576 1359 1830 1428 miseris
1874 1366 2069 1455 opem
2110 1361 2302 1454 tulit;

191 1464 530 1557 judicatum
570 1480 670 1535 est
701 1467 913 1552 enim,
944 1489 1166 1533 rerum
1204 1479 1510 1533 naturam
1547 1491 1684 1534 non
1720 1467 2052 1561 recipere,
2082 1483 2159 1536 ut
2193 1498 2302 1542 oc·

198 1574 310 1640 ciso
347 1587 576 1667 patre,
622 1596 820 1667 supra
864 1569 1134 1639 vulnera
1179 1585 1245 1639 et
1292 1596 1597 1641 cruorem
1639 1574 1811 1667 eju5‚
1856 1575 2140 1667 quietem
2187 1603 2301 1648 ca-

194 1704 328 1773 pere
357 1680 719 1774 potuerint.

326 1871 701 1926 JUDICIIS
745 1868 1136 1923 PUBLICIS
1178 1868 1667 1924 INSIGNIBUS
1707 1872 2094 1928 DAMNATI
2117 1865 2157 1929 ³.

293 2057 346 2102 1.
391 2035 865 2102 Percurremus
914 2053 1092 2097 nunc
1137 2054 1286 2117 eoS,
1328 2030 1567 2124 quibus
1618 2032 1687 2099 in
1732 2057 1944 2103 causae
1986 2035 2310 2127 dictione,

193 2141 381 2259 magis
401 2193 423 2227 ,
464 2164 612 2233 quae
658 2150 843 2207 extra
886 2137 1311 2231 quaestionem
1365 2152 1599 2223 erant,
1649 2155 2065 2229 nocuerunt,
2109 2169 2309 2238 quam

192 2271 293 2315 sua
323 2246 702 2316 innocentia
737 2268 934 2338 opem
963 2240 1135 2312 tulit.
1166 2245 1241 2311 L.
1269 2229 1528 2337 Scipio⁴
1532 2296 1552 2330 ,
1575 2259 1727 2336 post
1754 2247 2307 2339 speciosissimum

194 2353 590 2448 triumphum
634 2351 715 2420 de
761 2375 914 2445 rege
954 2349 1285 2418 Antiocho
1330 2349 1645 2433 ductum,
1683 2351 1960 2444 perinde
1992 2376 2071 2422 ac
2108 2380 2308 2449 pecu·

192 2461 349 2529 niam
398 2459 485 2535 ab
529 2484 610 2527 eo
655 2458 1065 2585 accepisset,
1125 2455 1474 2524 damnatus
1520 2470 1671 2526 est.
1714 2481 1851 2525 non
1869 2460 2060 2553 'puto
2128 2464 2308 2556 quod

191 2569 387 2688 pretio
419 2579 776 2661 corruptus
806 2547 1085 2645 fuerat'z
1112 2576 1189 2631 ut
1214 2560 1396 2632 illum
1418 2563 1628 2660 ,totius
1656 2565 1824 2634 Asiae
1862 2564 2202 2638 dominum
2244 2586 2312 2640 et

186 2675 304 2767 jam
342 2677 633 2768 Europae
684 2695 916 2740 manus
963 2670 1263 2738 victrices
1308 2670 1752 2763 injicientem,
1801 2670 1973 2740 ultra
2013 2677 2304 2746 Taurum

192 2796 473 2851 montem
517 2780 982 2864 submoveret;
1024 2776 1137 2845 sed
1173 2775 1602 2869 alioquin'vir
1637 2778 2084 2852 sincerissimae
2122 2786 2270 2852 vitae
2292 2840 2309 2873 ,

267 2974 636 3043 1.Eumplwn.
654 2972 840 3025 An.U.
863 2975 975 3024 660
990 2970 1198 3023 circiter
1368 2969 1423 3021 3.
1447 2971 1698 3032 Damnartc'.
1728 2970 1854 3022 Vid.
1885 2975 2063 3026 march.
2099 2975 2159 3026 de
2190 2975 2311 3027 Bec-

194 3054 288 3106 cic.
314 3074 418 3126 pro
444 3055 602 3106 Rosc.
640 3053 731 3105 23.
763 3051 898 3104 Illud
906 3091 918 3112 ‚
947 3048 1092 3121 quod
1119 3069 1199 3102 se·
1285 3051 1445 3106 caria,
1471 3050 1553 3101 des
1573 3051 1731 3101 De'lies
1757 3063 1808 3101 et
1827 3051 1908 3102 des
1932 3053 2130 3115 Peines3
2161 3056 2306 3107 Mon-

196 3135 391 3203 quittu,
410 3146 476 3186 ut
499 3150 654 3204 sape.
1288 3132 1493 3200 tesque'eu
1506 3169 1522 3191 ,
1550 3130 1609 3181 de
1641 3130 1857 3201 I'Esprit
1884 3131 1966 3182 des
1988 3133 2095 3184 lois.

264 3235 311 3267 ι.
367 3215 490 3266 Duo
518 3213 719 3279 fratres.
763 3210 980 3263 Colerus
1016 3228 1197 3262 vocem
1368 3215 1419 3271 4.
1459 3207 1637 3279 Scipio.
1679 3211 1781 3262 An.
1815 3211 1882 3262 U.
1925 3211 2054 3265 566.
2096 3214 2304 3275 Livius,

186 3295 355 3359 fratres
398 3290 717 3366 ejiciendam
756 3291 990 3353 censuit,
1034 3290 1200 3354 male;
1287 3288 1612 3353 xxxvn1;
1642 3290 1782 3342 Plut.
1814 3290 1870 3341 in
1901 3291 2016 3344 Cat.

193 3374 282 3427 hoc
304 3375 453 3428 enim
479 3373 605 3426 libri
634 3383 934 3424 constanter
954 3370 1200 3423 retinent.
1372 3366 1423 3419 5.
1453 3367 1908 3439 Corruptussuemt.
1933 3372 2112 3425 Vorst.
2140 3349 2326 3434 credit>

194 3453 282 3507 Sed
311 3455 410 3506 duo
449 3472 550 3524 pro
588 3452 756 3523 glossa
791 3450 1114 3521 expungitur
1144 3448 1202 3501 in
1286 3446 1567 3518 legendum
1595 3468 1704 3500 esse
1728 3462 1972 3520 corruptus
1991 3454 2169 3517 suerit,
2200 3475 2308 3507 esse

195 3533 327 3588 MSS.
361 3551 557 3587 novem
587 3531 855 3585 Torrenii.
880 3563 959 3571 —
988 3530 1199 3583 Cloelius.
1289 3541 1464 3580 autem
1484 3547 1578 3580 non
1590 3541 1711 3599 puto
1730 3530 1860 3599 quod
1875 3545 2118 3603 corruptus
2132 3535 2304 3600 suerit,

197 3614 324 3667 Num
346 3615 440 3666 hic
473 3614 570 3665 iste
600 3611 796 3663 Coelius
825 3610 992 3662 Rufus
1015 3609 1199 3669 fuerit,
1290 3626 1414 3679 pro,
1438 3628 1531 3659 non
1554 3621 1675 3677 puto
1697 3609 1828 3660 illum
1851 3624 2119 3681 corruptum
2133 3615 2305 3680 subse.

196 3697 331 3766 cujus
356 3713 482 3766 epp.
510 3694 566 3744 in
595 3690 953 3745 Ciceronianis
978 3702 1203 3751 exstant,
1290 3686 1393 3740 Sed
1419 3688 1708 3740 Torrenius
1734 3689 2018 3742 arbitratur
2034 3692 2169 3744 nihil
2190 3714 2307 3747 mu·

198 3793 289 3826 non
307 3776 470 3846 plane
497 3774 684 3844 liquet.
714 3769 857 3823 Illud
880 3769 1203 3834 invenimus,
1291 3766 1509 3821 tandum
1545 3786 1686 3833 esse,
1726 3782 1778 3822 et
1823 3788 2008 3823 vocem
2052 3773 2183 3841 quod
2219 3774 2309 3828 hie

199 3854 500 3907 Ciceronem
529 3847 663 3924 (pro
694 3847 883 3914 Rosc.)
907 3850 1058 3902 illum
1087 3849 1205 3902 Coe·
1292 3846 1434 3900 idem
1471 3848 1642 3900 valere
1676 3866 1737 3902 ac
1774 3853 1915 3920 quia,
1955 3850 2024 3903 ita
2060 3865 2118 3904 ut
2149 3872 2209 3905 ea
2239 3856 2308 3910 sit

198 3933 315 3986 lium
346 3935 472 3987 item
502 3931 722 3985 Cloelium
745 3949 948 3984 vocare.
972 3928 1210 3981 Tarraci-
1292 3947 1440 3981 mens
1473 3928 1736 3982 auctoris:
1773 3948 1867 3981 non
1891 3942 2012 4000 puto
2042 3951 2146 3983 eum
2171 3933 2311 3986 dam·

200 4031 259 4066 na
281 4016 382 4068 fuit
410 4014 467 4067 in
488 4012 700 4064 Volscis
714 4049 732 4074 ,
757 4011 885 4063 olim
907 4009 1172 4063 Trachina
1190 4048 1205 4069 ‚
1294 4021 1454 4060 natum
1482 4029 1601 4070 esse,
1629 4011 1739 4080 quia
1758 4013 1914 4078 pretio
1937 4025 2183 4083 corruptus
2196 4016 2311 4080 sue-

202 4108 367 4163 postea
389 4095 578 4146 Anxur
595 4090 738 4143 dicta
756 4130 769 4157 ,
793 4087 937 4161 quod
965 4090 1038 4142 ibi
1060 4089 1209 4160 Jupi-
1296 4101 1401 4150 rat,
1425 4101 1626 4144 etc......
1647 4089 1735 4139 sed
1753 4089 1946 4141 invidia·
1974 4111 2080 4161 qua·
2109 4105 2217 4145 tunc

205 4184 273 4225 ter
295 4174 551 4228 imberbis
576 4173 854 4225 coleretur.
1296 4173 1506 4220 resistere
1525 4190 1618 4221 non
1631 4171 1804 4239 potuit.

1875 4266 1959 4337 52
