3143 5204
806 453 906 541 46
1194 452 1640 521 VALERII
1696 449 2110 529 MAXIMI
2183 452 2370 518 LIB.
2427 452 2609 519 vll.

801 586 1239 657 recordationi
1292 584 1678 654 subnectam
1695 582 1742 671 ¹,
1783 607 1989 677 quum
2041 581 2375 652 effusurus
2426 604 2495 652 se
2546 584 2616 652 in
2669 597 2951 653 nostras

800 694 1174 789 provincias
1209 691 1607 761 Parthorum
1652 716 1769 760 rex
1806 690 2122 758 Phraates
2163 689 2539 777 videretur,
2566 691 2953 784 vicinaeque

797 802 1077 895 imperio
1122 799 1263 892 ejus
1312 799 1614 892 regiones
1662 797 1878 867 subita
1927 796 2155 866 indicti
2210 795 2532 865 tumultus
2574 795 2953 866 denuntia-

797 908 978 976 tione
1001 919 1463 1025 quaterentur:
1490 919 1671 973 tanta
1694 904 1764 971 in
1782 903 2216 998 Bosphorano
2236 900 2257 926 ²
2285 917 2500 973 tractu
2522 919 2952 973 commeatus

794 1015 1071 1107 penuria
1096 1014 1394 1099 incessit,
1411 1025 1488 1078 ut
1511 1035 1625 1079 sex
1654 1008 1939 1079 millibus
1977 1008 2262 1077 denariis
2290 1009 2547 1104 singula
2574 1034 2731 1079 vasa
2768 1010 2951 1098 olei,

794 1117 1238 1239 frumentique
1274 1116 1508 1187 modiis
1542 1116 1817 1187 totidem
1848 1116 2177 1210 mancipia
2211 1130 2767 1247 permutarentur.
2804 1065 2951 1187 Sed

794 1227 1272 1295 amarissimam
1298 1238 1754 1318 tempestatem
1788 1224 2069 1318 Augusti
2104 1206 2328 1307 cura3,
2350 1218 2570 1293 tutelae
2599 1237 2761 1294 tunc
2800 1238 2950 1293 ter-

796 1355 1019 1401 rarum
1058 1355 1335 1415 vacans,
1373 1328 1661 1424 dispulit.

1142 1481 1260 1584 DE.
1300 1522 1896 1584 NECESSITATE
1947 1526 2585 1583 EXTERNORUM.

910 1718 936 1763 1
952 1747 967 1761 .
999 1692 1427 1763 Cretensibus
1449 1688 1613 1759 nihil
1643 1688 1774 1759 tale
1796 1687 2077 1784 praesidii
2100 1676 2422 1758 affulsit⁴z
2450 1691 2563 1784 qui
2585 1690 2945 1762 obsidione

794 1798 1048 1868 Metelli
1080 1798 1164 1868 ad
1190 1797 1492 1867 ultimam
1528 1821 1739 1891 usque
1774 1798 2118 1890 penuriam
2149 1796 2504 1892 compulsi,
2526 1821 2643 1866 sua
2664 1798 2945 1892 jumen-

793 1921 1146 2001 torumque
1182 1924 1453 1974 suorum
1501 1905 1694 1972 urina
1729 1905 1908 1972 sitim
1943 1917 2311 1991 torserunt,
2339 1905 2579 1997 justius
2614 1904 2904 1974 dixerim
2920 1960 2943 1993 ‚

793 2037 993 2107 quam
1034 2025 1523 2081 sustentarunt:
1560 2011 1713 2105 quia
1740 2009 1900 2078 dum
1927 2011 2102 2078 vinci
2130 2011 2399 2098 timent,
2427 2011 2492 2079 id
2520 2013 2696 2106 passi
2728 2027 2901 2080 sunt
2920 2065 2941 2099 ‚

791 2120 970 2213 quod
1006 2144 1120 2187 eos
1162 2143 1247 2187 ne
1283 2119 1498 2186 victor
1536 2116 1808 2212 quidem
1842 2117 1980 2211 pati
2015 2117 2354 2211 coegisset.

904 2252 967 2295 2.
999 2225 1399 2295 Numantini·
1419 2239 1674 2312 autem,
1696 2248 1736 2292 a
1757 2224 2064 2318 Scipione
2089 2222 2263 2292 vallo
2289 2238 2356 2292 et
2382 2249 2623 2318 aggere
2650 2225 2940 2294 circum·

791 2318 989 2419 'datii
1018 2358 1223 2427 quum
1263 2334 1525 2418 omnia,
1554 2356 1702 2424 quae
1740 2329 1979 2400 famem
2021 2355 2254 2400 eorum
2290 2330 2552 2399 trahere
2583 2345 2936 2426 poterant,

877 2532 1437 2586 1.Subnectam.An.U.
1452 2524 1662 2585 circiter
1680 2526 1811 2601 733.
1901 2529 2180 2604 Quidquid
2228 2532 2327 2599 sit,
2369 2532 2516 2585 locus
2558 2550 2670 2584 non
2710 2531 2937 2586 videtur

790 2611 920 2666 vid.
952 2613 1167 2666 Sueton.
1196 2613 1252 2665 in
1281 2613 1414 2683 Aug.
1899 2621 2073 2666 sanus.

876 2713 929 2746 α.
969 2693 1297 2763 Bosphorum.
1334 2693 1611 2762 Bosphorus
1650 2693 1735 2744 vel
1784 2711 1814 2743 a
1982 2692 2036 2746 3.
2056 2693 2276 2760 Aufusti
2290 2709 2423 2744 cia-a.
2443 2693 2707 2763 Augustus
2721 2731 2738 2758 ,
2751 2705 2934 2763 quum

791 2770 1010 2825 ferendo
1035 2774 1173 2825 bove
1197 2770 1369 2824 dictus
1385 2809 1403 2837 ‚
1427 2771 1511 2824 vel
1534 2790 1563 2823 a
1590 2772 1812 2824 transitu
1898 2773 2061 2825 fames
2115 2774 2337 2825 Romam
2384 2773 2543 2823 etiam
2578 2773 2898 2843 pervasisset
2913 2813 2931 2839 ,

790 2843 963 2915 Bovis,
981 2852 1066 2904 vel
1079 2853 1145 2905 ab
1164 2852 1393 2923 angustis
1411 2851 1669 2904 meatibus
1686 2852 1813 2906 bovi

789 2933 898 2986 fere
910 2932 1122 3004 perviis.
1138 2931 1285 2985 Alter
1298 2933 1574 3003 Bosphorus
1587 2944 1665 2984 est
1683 2933 1814 2984 thra-

784 3017 915 3064 cium
944 3014 1093 3084 juxta
1116 3011 1468 3083 Bymtium3
1492 3010 1560 3063 de
1593 3030 1701 3083 quo
1751 3012 1806 3066 b.

789 3093 827 3144 l·.
855 3111 1031 3145 sermo
1053 3105 1156 3156 est3
1183 3091 1315 3144 alter
1342 3090 1624 3143 cumr-im
1644 3091 1702 3144 in
1727 3092 1809 3144 in-

787 3173 955 3225 troitu
971 3169 1179 3243 paludis
1191 3169 1471 3225 Maeotidis.
1490 3203 1571 3214 --
1586 3171 1686 3224 Sex
1701 3173 1810 3224 mil-

787 3252 926 3305 libus.
956 3252 1107 3322 Pigh.
1135 3270 1296 3323 quem
1318 3263 1575 3323 sequutus
1597 3265 1675 3305 est
1705 3252 1811 3306 Co-

784 3331 926 3384 lerus
952 3330 1155 3384 edidit.
1182 3336 1254 3383 uti
1274 3353 1305 3384 a
1324 3331 1583 3388 militibus,
1604 3333 1811 3401 singulis

784 3412 893 3465 olei.
937 3410 1136 3464 Contra
1173 3411 1457 3465 lectionem
1498 3411 1809 3483 Pighianam

786 3505 969 3545 monet
997 3492 1274 3556 vorstius,
1305 3494 1349 3545 si
1381 3492 1585 3561 singulis
1623 3510 1809 3545 verum

783 3584 949 3637 esset,
986 3591 1098 3626 non
1143 3572 1291 3642 sequi
1324 3571 1568 3625 debuisse
1617 3571 1809 3624 totidem

786 3650 877 3704 sed
906 3610 1116 3722 singala-
1143 3652 1411 3705 Torrenio
1426 3665 1554 3705 vero
1582 3652 1809 3704 militibus

786 3750 894 3784 non
920 3733 1089 3804 placet
1104 3769 1122 3795 ,
1147 3730 1295 3803 quod
1324 3751 1450 3786 cura
1486 3730 1809 3803 providendi

784 3813 1163 3865 commeatibus
1180 3810 1247 3864 ad
1268 3810 1428 3866 duces
1446 3812 1625 3883 potius
1647 3830 1807 3882 quam

785 3890 855 3945 ad
873 3894 1065 3945 milites
1088 3892 1404 3964 pertinuisse
1427 3890 1688 3944 videatur.
1707 3891 1806 3944 Pe-

784 3972 1018 4025 rizonius
1033 3984 1087 4025 et
1106 3973 1280 4043 Kapp.
1306 3972 1575 4044 accipiunt
1592 3991 1677 4023 sex
1697 3973 1807 4023 mil·

785 4052 934 4111 libus,
970 4051 1060 4106 sed
1085 4070 1186 4124 pro
1213 4053 1423 4105 denariis
1443 4052 1633 4105 malint
1655 4052 1804 4103 deno·

783 4134 929 4190 rium.
951 4131 1097 4203 quod
1113 4133 1275 4186 habet
1289 4132 1454 4186 editio
1471 4132 1802 4184 memiana.

1898 2870 2084 2905 omnes
2129 2851 2435 2925 peregrinos
2482 2863 2535 2904 et
2584 2851 2930 2907 servitiorum

1896 2945 2102 3004 partem
2132 2933 2266 2985 urbe
2290 2931 2472 3002 ejecit,
2490 2933 2720 3003 exeeptis
2752 2931 2930 2986 medi·

1897 3012 1973 3064 cis
1990 3026 2043 3066 et
2063 3011 2492 3084 praceptoribue.
2511 3011 2639 3064 Post
2652 3012 2766 3065 hoc
2788 3024 2929 3065 tem-

1897 3093 2102 3164 peravit
2116 3105 2209 3157 ‚ut
2229 3105 2341 3144 non
2364 3091 2626 3145 minorem
2653 3105 2930 3145 aratorum

1898 3184 1952 3224 et
1971 3171 2353 3243 negotiantium
2366 3209 2382 3236 ‚
2402 3189 2562 3242 quam
2586 3172 2776 3243 populi
2797 3173 2930 3226 reli-

1895 3251 1985 3322 qui
2019 3251 2278 3304 rntionem
2302 3250 2536 3305 duceret.

1981 3337 2034 3393 4.
2065 3331 2294 3399 Affaakit.
2320 3333 2423 3384 An.
2445 3333 2517 3385 U.
2541 3330 2675 3386 635.
2704 3331 2926 3395 Livius,

1895 3411 2103 3474 xclx3
2131 3412 2274 3464 Flor.
2295 3411 2410 3463 111:
2440 3430 2494 3481 7.
2528 3410 2690 3477 Quod
2719 3411 2924 3464 Cntea·

1894 3511 1966 3542 ses
2012 3490 2312 3544 Mithridati
2344 3490 2529 3544 favisse
2569 3489 2923 3556 viderentur,

1893 3570 2092 3643 placuit
2133 3571 2383 3641 injurium
2421 3570 2581 3624 armis
2634 3569 2919 3624 vindicare.

1893 3651 2129 3704 Antonio
2180 3663 2356 3704 autem
2405 3650 2617 3721 fungeto,
2672 3650 2922 3705 Metellus

1893 3729 2087 3784 deinde
2104 3744 2269 3785 totam
2290 3730 2516 3784 insulam
2532 3730 2655 3801 igne
2671 3731 2920 3801 ferroque

1892 3812 2205 3883 populatus,
2233 3810 2432 3864 incolas
2457 3811 2597 3864 intra
2625 3811 2834 3864 castella
2864 3823 2920 3864 et

1892 3892 2052 3945 urbes
2081 3890 2299 3962 redegit.
2330 3893 2376 3943 A
2405 3889 2611 3943 devicta
2638 3891 2798 3944 Creta
2827 3890 2918 3943 hie

1893 3970 2223 4024 Maoedoniei
2240 3970 2382 4023 filius
2401 3970 2617 4024 Creticus
2633 3968 2806 4024 dicun
2819 3981 2912 4026 est.

1975 4051 2028 4104 5.
2064 4051 2500 4105 emundatam.
2536 4052 2604 4104 U.
2642 4055 2772 4104 620.
2797 4051 2911 4102 Liv.

1891 4131 2210 4196 L1X5Flor.
2236 4132 2317 4194 11,
2345 4131 2434 4183 ²8.
