3143 5204
480 512 684 579 CAP.
740 513 924 595 ΧΠ,
968 513 1099 580 DE
1153 512 1456 579 MORT.
1515 513 1732 581 NON
1787 515 2085 583 vum.
2211 518 2354 613 189
2439 515 2448 525 ·

242 644 508 713 tissimis
530 643 889 713 victoribus
916 659 1083 713 esset
1103 697 1122 730 ,
1144 644 1210 711 in
1242 647 1279 712 J
1283 646 1423 713 ovis
1449 647 1734 714 sacrario
1761 648 1941 715 venis
1969 647 2184 718 incisis
2206 675 2360 718 con·

242 750 601 819 tumeliosae
660 751 889 819 mortis
948 750 1509 819 denuntiationem
1558 750 1831 846 effugit,
1875 753 2362 850 sacerdotisque

238 858 340 924 sui
384 858 701 951 sanguine
737 857 1155 926 vetustissimi
1199 856 1329 926 foci
1370 857 1784 926 maduerunt.

348 961 419 1032 6.
444 965 619 1032 Acer
645 965 841 1032 etiam
878 977 947 1031 et
981 962 1311 1032 animosus
1331 965 1481 1031 vitae
1515 964 1727 1033 exitus
1758 967 2072 1034 Herennii
2103 964 2321 1035 'siculi
2341 1021 2359 1054 ,

237 1093 376 1162 quo
405 1071 481 1138 C.
522 1069 867 1138 Gracchus
902 1084 970 1137 et
1002 1070 1340 1163 aruspice,
1377 1084 1445 1138 et
1479 1072 1695 1140 amico
1729 1095 1884 1140 usus
1919 1071 2173 1155 fuerat;
2202 1097 2356 1139 nam

238 1199 447 1267 quum
492 1200 573 1244 eo
614 1177 881 1245 nomine
925 1177 992 1244 in
1032 1200 1364 1245 carcerem
1397 1174 1782 1265 duceretur,
1819 1178 1886 1245 in
1927 1178 2066 1271 ejus
2098 1193 2355 1274 postem

240 1278 409 1349 illiso
452 1283 705 1375 capite,
748 1284 817 1350 in
861 1284 1005 1377 ipso
1048 1282 1421 1376 ignominiae
1465 1282 1647 1351 aditu
1690 1280 2008 1371 concidit,
2051 1309 2131 1354 ac
2167 1285 2353 1380 spiri·

239 1401 383 1455 tum
413 1388 671 1481 posuit:
698 1412 833 1457 uno
866 1387 1074 1482 gradu
1102 1414 1138 1457 a
1170 1387 1436 1484 publico
1468 1388 1819 1484 supplicio,
1850 1413 2181 1485 manuque
2214 1415 2357 1461 car-

237 1492 450 1561 nificis
492 1495 758 1564 citerior
775 1493 813 1563 ².

352 1624 421 1694 7.
465 1599 807 1670 Consimili
860 1604 1110 1696 impetu
1166 1604 1399 1671 mortis
1448 1604 1524 1671 C.
1574 1603 1863 1672 Licinius
1913 1588 2203 1689 Macer³‚
2261 1605 2362 1671 vir

235 1707 615 1800 praetoriuS,
644 1707 833 1777 Calvi
874 1721 1091 1804 pater,
1130 1707 1644 1803 repetundarum
1682 1734 1862 1796 reus,
1899 1708 2059 1778 dum
2098 1724 2358 1780 senten-

238 1814 347 1880 tiae
374 1813 783 1902 dicerentur,
818 1817 884 1884 in
915 1816 1319 1884 Maenianum
1355 1814 1775 1885 conscendit:
1801 1815 2121 1910 siquidem
2156 1841 2357 1910 quum

161 1995 173 2009 ἱ
238 1920 338 1987 Μ.
380 1921 803 2007 Ciceronem,
838 1922 950 2015 qui
987 1921 1054 1989 id
1083 1921 1401 2015 judicium
1438 1910 1776 2015 cogebat⁴,
1812 1936 2192 2015 praetextam
2232 1946 2359 2016 po-

237 2040 507 2094 nentem
551 2027 852 2114 vidisset,
896 2028 1074 2096 misit
1108 2027 1191 2097 ad
1234 2052 1386 2097 eum
1432 2030 1544 2121 qui
1580 2027 1858 2113 diceret,
1896 2054 1965 2096 se
2001 2054 2137 2098 non
2175 2030 2357 2099 dam·

239 2146 506 2218 natum,
562 2132 676 2201 sed
731 2158 916 2203 reum
971 2134 1238 2229 periisse
1263 2188 1282 2223 ,
1338 2159 1460 2202 nec
1517 2158 1634 2203 sua
1685 2134 1860 2202 bona
1914 2134 2120 2203 hastae
2168 2161 2360 2229 posse

237 2238 510 2331 subjici3
556 2262 634 2308 ac
675 2240 976 2334 protinus
1018 2239 1316 2327 sudariO,
1359 2240 1536 2333 quod
1588 2240 1757 2308 forte
1804 2242 1872 2308 in
1913 2265 2113 2308 manu
2155 2241 2356 2308 habe-

239 2344 353 2414 bat
378 2395 396 2426 ,
453 2370 568 2413 ore
625 2361 691 2415 et
747 2346 1043 2416 faucibus
1096 2334 1439 2429 coartatis,
1500 2344 1756 2415 incluso
1809 2348 2042 2441 spiritu
2095 2371 2358 2440 poenam

238 2466 455 2519 morte
498 2453 869 2547 praecurrit:
917 2477 1047 2547 qua
1085 2455 1349 2549 cognita
1387 2468 1461 2521 re'
1497 2453 1733 2522 Cicero
1770 2451 1851 2520 de
1881 2477 1961 2521 eo
1999 2453 2162 2521 nibil
2208 2479 2359 2547 pro—

238 2559 588 2628 nuntiavit.
628 2561 844 2655 Igitur
884 2558 1152 2630 illustris
1186 2561 1431 2658 ingenii
1475 2545 1736 2628 orator⁵
1775 2573 1843 2628 et
1883 2558 1966 2627 ab
2001 2561 2224 2655 inopia
2267 2561 2361 2630 rei

237 2744 289 2806 1;
303 2743 449 2796 Flor.
469 2744 551 2797 111
566 2780 581 2810 ,
605 2762 699 2808 ²²3
713 2744 990 2814 Angustin.
1017 2742 1087 2796 de
1105 2744 1165 2797 C.
1188 2745 1254 2796 D.

236 2824 320 2875 111
336 2863 353 2889 ,
382 2842 402 2876 1
416 2843 471 2893 7.
488 2857 565 2865 --
587 2825 855 2895 Tempestas
874 2824 974 2876 fuit
987 2825 1256 2878 Marianus

236 2904 516 2955 tumultus.

325 3001 375 3035 ι.
407 2982 574 3035 Siculi.
603 2985 664 3036 A.
695 2984 764 3036 U.
800 2984 934 3037 632.
963 2982 1151 3036 Vellei.
1176 2983 1255 3047 11,

238 3080 273 3132 7
292 3102 307 3130 ²
336 3081 389 3114 ²·
772 3079 777 3085 ¹

321 3161 375 3194 2.
392 3142 615 3195 Cim-ier.
635 3143 827 3196 Parum
846 3143 1015 3195 abfuit
1024 3140 1257 3214 quidem,

236 3215 387 3292 qnin'
409 3224 465 3274 in
492 3239 754 3276 carcerem
776 3221 1019 3275 detrusus
1044 3241 1256 3275 necare·

238 3313 328 3354 tur
359 3320 387 3354 a
411 3303 626 3369 lictore;
647 3302 737 3355 sed
756 3303 846 3356 ille
862 3303 1132 3375 praevenit.

320 3382 376 3435 3.
407 3383 586 3436 Macer.
616 3385 751 3436 Ann.
784 3383 853 3435 U.
884 3386 1017 3452 687.
1050 3382 1162 3434 Cic.
1189 3380 1255 3432 ad

237 3464 346 3514 Att.
368 3463 394 3513 1
412 3501 427 3526 ‚
452 3470 505 3527 4.
527 3461 627 3514 nic
647 3464 880 3515 Licinius
895 3481 1018 3514 cum
1040 3459 1254 3514 Cicero-

235 3557 305 3592 ne
317 3541 495 3613 quoad
506 3544 857 3614 eloquentiam
870 3542 1255 3595 conferebatur.

235 3653 318 3662 -
338 3623 636 3674 Diceremur.
657 3623 875 3694 Pighius
893 3640 907 3674 ε
927 3621 1253 3673 diribet-entur.

236 3700 364 3754 Haee
397 3720 500 3754 vox
529 3700 743 3773 quidem
769 3701 1052 3772 saepissime
1076 3719 1258 3753 occur·

234 3782 307 3832 rit
330 3800 345 3833 :
366 3801 411 3834 e.
437 3801 489 3851 g.
520 3782 720 3833 diribet-e
746 3783 945 3833 tabellas
966 3779 1255 3844 dicebatur,

234 3861 328 3930 qui
341 3862 556 3915 tabellas
568 3860 660 3932 jud
666 3863 831 3914 icihus
842 3873 1016 3914 ternas
1031 3902 1046 3926 ‚
1065 3879 1257 3931 nempe

231 3941 598 4005 absolutionis,
611 3940 960 3994 damnationis
977 3954 1029 3994 et
1047 3941 1257 4011 amplia-

232 4020 393 4072 tionis
451 4019 815 4074 distribuebat.
875 4022 1038 4073 Erant
1098 4022 1256 4073 etiam

234 4099 289 4150 in
330 4101 559 4153 comitiis
595 4102 888 4160 diribitores,
934 4103 1022 4172 qui
1054 4101 1257 4172 populo

233 4180 570 4233 centuriatim
610 4180 989 4235 distribuebant
1025 4181 1253 4234 tabellas.

1347 2742 1507 2815 Apud
1535 2742 1850 2798 Ciceronem
1865 2743 2054 2814 legitur
2070 2743 2227 2802 etiam
2251 2746 2369 2797 dir-i-

1348 2822 1481 2876 hicio.
1523 2822 1630 2876 Sed
1665 2842 1794 2876 num
1827 2822 1933 2876 dici
1975 2823 2139 2894 possit
2165 2824 2367 2880 diribet-c

1345 2904 1650 2960 sententias,
1676 2903 1953 2956 incertum.
1970 2903 2363 2959 —Moem'anum.

1345 2984 1517 3035 Locus
1526 2982 1710 3054 judicii
1726 2984 1792 3035 ab
1805 2981 2002 3035 aedibus
2015 2983 2192 3035 Maenii
2203 2982 2365 3036 deno-

1346 3064 1594 3115 min'atus.
1620 3064 1800 3127 Quum
1823 3063 1966 3115 enim
1984 3062 2207 3115 Maenius
2225 3064 2362 3118 aedes

1344 3161 1461 3195 suas
1476 3140 1798 3195 vendidisset
1811 3180 1826 3206 ,
1844 3155 1903 3194 ut
1920 3139 2052 3195 esset
2069 3143 2214 3195 locus
2228 3181 2243 3207 ,
2266 3145 2362 3197 ubi

1340 3220 1538 3292 judicia
1551 3236 1936 3286 exercerentur,
1947 3223 2246 3274 columnam
2264 3224 2363 3276 sibi

1342 3304 1626 3354 reservavit
1638 3340 1653 3364 ,
1667 3296 1823 3372 qnam
1834 3297 1986 3354 etiam
2002 3302 2247 3355 tabulatis
2265 3303 2366 3356 cii·-

1343 3373 1641 3445 cumdedii,
1669 3393 1730 3431 ut
1759 3379 1883 3431 inde
1912 3392 2084 3451 posset
2109 3381 2362 3451 gladiato·

1341 3461 1480 3514 rium
1513 3478 1708 3512 munus
1729 3473 1961 3530 spectare
1987 3479 2108 3512 cum
2139 3462 2261 3515 suis.

1425 3548 1479 3605 4.
1503 3540 1733 3610 Cogebat.
1763 3537 1978 3592 Judices
1996 3543 2362 3610 congregabat.

1342 3653 1409 3664 -
1446 3622 1720 3672 ponentem.
1745 3617 1811 3671 Se
1836 3629 2105 3690 parantem
2129 3618 2196 3672 ad
2214 3639 2364 3691 agen-

1341 3699 1488 3754 dum.
2159 3731 2164 3736 1

1425 3781 1476 3834 5.
1511 3781 1717 3831 Illusm's
1737 3783 1915 3848 ingenii
1931 3792 2111 3832 orator.
2135 3780 2195 3833 C.
2220 3780 2361 3833 Lici-

1340 3860 1462 3913 nius
1492 3860 1685 3912 Calvus
1709 3859 1878 3921 filius,
1904 3860 2121 3929 insignis
2150 3873 2357 3916 orator.

1342 3941 1573 4011 primum
1593 3939 1862 3993 Ciceronis
1880 3939 2146 4003 inimicus,
2169 3938 2363 3990 deinde

1342 4020 1554 4072 amicus.
1581 4051 1658 4060 —-
1682 4020 1867 4089 Inopia.
1891 4018 1944 4071 Si
1965 4018 2104 4071 enim
2128 4018 2361 4071 damnati

1341 4100 1480 4152 bona
1508 4099 1608 4151 sub
1634 4100 1780 4151 hasta
1807 4109 1977 4150 essent
2004 4098 2216 4150 vendita
2232 4138 2245 4160 ,
2293 4099 2360 4152 ad

1343 4178 1574 4249 inopiam
1591 4181 1702 4248 ejus
1717 4179 1911 4230 familia
1926 4178 2105 4230 fuisset
2125 4177 2331 4232 redacta
2346 4220 2360 4245 ,
