3143 5204
844 342 873 373 S

629 468 1164 535 PRAEFATIO
1212 470 1558 539 STEPH.
1622 474 1993 540 PIGHII.
2225 500 2369 573 207

246 598 427 694 quod
462 599 549 667 ele
586 599 995 686 nominibus,
1025 602 1575 694 praenominibuS,
1606 606 2142 698 cognominibuS,
2181 621 2377 702 atque

245 707 713 800 agnominibus
759 706 963 777 fuisse
1000 706 1305 776 eumdem
1352 733 1389 776 a
1421 708 1687 779 Valerio
1732 713 2167 805 compositum
2219 740 2374 783 con·

236 814 490 906 jectare
529 812 699 883 licet.
732 813 958 883 Verba
993 812 1259 911 quidem
1292 814 1443 884 Julii
1483 817 1734 887 Paridis
1769 817 1909 887 hoec
1946 833 2133 888 sunt:
2175 820 2380 891 Liber

241 919 547 987 decimus
581 920 669 989 de
696 919 1236 1015 prcenonn'm‘bus
1255 974 1277 1006 ‚
1319 938 1393 990 et
1419 922 1764 992 similibtw.

1402 1149 1435 1166 Q

1745 1149 1927 1170 mm

955 1360 1655 1449 PRAEFATIO

386 1590 1442 1714 STEPHANI
1554 1591 2240 1716 PIGHII

562 1875 942 1921 EPITOMAE
999 1877 1097 1920 DE
1156 1875 1619 1921 NOMINIBUS
1674 1875 2064 1923 PRAEFIXA.

252 2034 688 2149 Vtram-:s
722 2077 872 2147 libri
906 2103 1171 2167 omnes,
1201 2104 1368 2173 quos
1396 2078 1721 2166 vidimus,
1747 2093 1884 2149 tam
1915 2083 2378 2175 manuscripti,

250 2210 454 2280 quam
506 2186 836 2280 impressi,
885 2185 1077 2254 nobis
1118 2200 1591 2280 repraesentant
1639 2183 1889 2255 Valerii
1931 2188 2205 2255 Maximi
2247 2188 2377 2255 hoe

251 2317 424 2387 opus
473 2293 566 2361 ita
626 2290 806 2361 libris
861 2317 1101 2361 novem
1160 2292 1589 2361 distinctum:
1653 2293 1725 2360 in
1781 2291 2102 2387 aliquibus
2156 2307 2377 2362 tamen

252 2401 586 2493 reperitur
624 2397 963 2493 cujusdam
1006 2401 1324 2492 epitomes
1374 2399 1853 2493 fragmentum,
1896 2400 1962 2467 in
2004 2398 2144 2466 fine
2178 2422 2376 2468 anne-

253 2530 413 2573 xum
451 2530 577 2600 pro
621 2503 789 2574 libro
833 2504 1124 2592 decimo,
1167 2531 1438 2600 prorsus
1482 2520 1705 2574 tamen
1752 2518 2081 2575 remotum
2124 2519 2190 2573 et
2226 2504 2376 2575 alie-

175 2615 184 2622 '
254 2638 419 2681 num
465 2612 552 2681 ab
598 2626 987 2707 argumento
1041 2637 1375 2708 scopoque
1420 2611 1741 2682 librorum
1786 2612 2032 2682 Valerii
2084 2613 2378 2681 Maximi.

254 2717 437 2789 Nihil
469 2720 645 2787 enim
678 2717 858 2787 aliud
883 2719 1106 2806 docet,
1136 2720 1260 2788 nisi
1292 2718 1659 2813 aliquarum
1692 2718 2236 2814 appellationum,
2264 2743 2379 2787 seu

257 2827 602 2894 nominum
639 2850 1101 2913 romanorum,
1136 2827 1440 2895 rationeS.
1481 2827 1650 2915 Quae
1676 2826 1940 2920 quidem
1975 2827 2260 2920 epitome
2300 2850 2380 2893 ex

256 2930 387 3001 alio
446 2933 718 3025 antiquo
771 2947 1040 3003 auctore
1101 2930 1374 3003 collecta
1425 2948 1524 3002 est
1569 2956 1607 3000 a
1655 2931 1828 3002 Julio
1887 2932 2119 3002 Paride
2139 2985 2160 3020 ,
2215 2932 2383 3001 sicut

258 3036 562 3107 nonnulli
603 3038 895 3133 produnt
937 3038 1244 3108 codices:
1296 3038 1484 3131 cujus
1528 3039 1972 3133 fragmentum
2027 3039 2157 3108 hoc
2205 3037 2382 3106 dun-

260 3159 444 3214 taxat
482 3144 566 3213 de
613 3145 1124 3240 praenominibus
1159 3159 1495 3240 repertum
1532 3144 1797 3240 quidam
1843 3144 2090 3236 librarii
2132 3145 2385 3238 priores

260 3250 534 3321 Valerio
579 3252 870 3321 Maximo
928 3251 1401 3346 adjunxerunt,
1468 3265 1809 3345 tamquam
1871 3276 1952 3320 ex
2019 3251 2159 3344 ejus
2216 3249 2384 3319 libro

261 3355 717 3454 exemplorum
758 3357 1016 3427 decimo
1047 3372 1491 3443 contractum3
1529 3359 1727 3444 moti,
1764 3373 1839 3426 ut
1871 3371 2176 3451 apparet,
2207 3356 2384 3451 quod

261 3466 330 3534 in
368 3464 606 3533 eodem
650 3464 1020 3559 fragmento
1057 3466 1293 3534 citetur
1333 3462 1636 3534 Valerius
1659 3517 1678 3552 ,
1714 3489 1852 3533 non
1897 3478 2119 3531 tamen
2165 3464 2385 3531 Maxi-

265 3596 455 3640 mus:
495 3569 670 3640 istud
705 3573 883 3641 enim
919 3596 1055 3639 non
1091 3584 1307 3667 potest
1342 3569 1661 3639 affirmari
1695 3595 1777 3638 ex
1816 3568 2091 3664 simplici
2128 3567 2238 3637 illo
2269 3593 2387 3636 no-

265 3679 478 3765 mine,
531 3678 701 3747 sicut
748 3680 817 3747 in
868 3676 1091 3746 multis
1142 3675 1625 3771 exemplaribus
1669 3679 2013 3771 reperitur.
2063 3673 2192 3744 Sed
2245 3675 2387 3741 An-

268 3785 492 3852 tiatem
529 3785 754 3872 citari,
805 3809 1014 3853 unum
1058 3782 1392 3878 exemplar
1429 3808 1630 3851 manu
1673 3785 1989 3877 scriptum
2033 3781 2389 3850 doctissimi

266 3893 322 3957 J.
340 3890 653 3959 Sambuci
679 3889 919 3985 liquide
946 3887 1269 3977 declarat,
1298 3888 1855 3984 quemadmodum
1886 3914 2005 3958 suo
2035 3887 2183 3957 loco
2215 3887 2389 3955 dice·

268 4020 414 4065 mus
456 3999 524 4065 in
575 3996 1126 4066 annotationibus.
1180 3999 1326 4065 Jam
1370 3996 1767 4066 addiderunt
1818 3994 2014 4064 alium
2063 4018 2392 4079 errorem,

271 4105 379 4197 qui
422 4106 500 4173 C.
541 4104 788 4171 Titium
827 4104 1156 4192 Probum,
1195 4104 1413 4174 nescio
1450 4128 1685 4197 quem,
1729 4117 1801 4171 ut
1840 4102 2035 4195 hujus
2075 4102 2393 4194 epitomes
