3143 5204
561 482 777 550 CAP.
835 480 983 569 VI,
1037 482 1173 549 DE
1228 482 1960 551 NECESSITATE.
2221 483 2318 570 [⁸3

204 615 521 683 dictatura
558 613 1034 708 rempublicam
1070 606 1619 700 administrantis,
1653 614 1860 710 spolia
1897 616 2185 685 hostium
2223 618 2320 686 af-

203 720 323 789 fixa
351 720 652 818 templis,
682 720 959 790 deorum
988 722 1247 791 numini
1280 712 1698 809 consecrata,
1728 724 2164 792 instrumento
2195 727 2322 793 mi·

203 826 342 897 litiae
375 828 606 898 futura
641 826 1167 898 convellerentur
1191 881 1210 916 ,
1241 853 1319 898 ac
1359 830 1726 923 proetextati
1765 831 1953 924 pueri
1994 855 2178 900 arma
2213 833 2321 899 in-

203 934 505 1022 duerent,
534 933 986 1004 addictorum¹
1019 936 1254 1022 etiam,
1285 950 1352 1005 et
1379 934 1640 1029 capitali
1672 937 1944 1005 erimine
1979 936 2320 1006 damnato-

204 1066 338 1109 rum
361 1066 476 1111 sex
504 1040 704 1111 millia
730 1042 1319 1112 conscriberentur.
1346 1043 1515 1130 Quae
1543 1044 1596 1111 si
1618 1066 1738 1137 per
1765 1066 1834 1111 se
1855 1043 2322 1138 adspiciuntur,

204 1146 429 1242 aliquid
454 1149 721 1218 ruboris
743 1147 1068 1238 habeant3
1099 1151 1153 1218 si
1179 1162 1397 1217 autem
1432 1148 1713 1218 admotis
1740 1151 2141 1220 necessitatis
2169 1152 2323 1219 viri-

204 1254 313 1322 bus
345 1254 837 1350 ponderentur‚
864 1257 1126 1327 saevitiae
1169 1257 1497 1350 temporis
1527 1258 1985 1331 convenientia
2022 1256 2324 1352 praesidia

204 1360 554 1432 videantur.
590 1365 871 1456 Propter
911 1361 1248 1432 eamdem²
1282 1362 1536 1439 cladem
1576 1378 1838 1432 senatus
1865 1363 2181 1453 Otacilio,
2208 1366 2323 1464 qui

202 1467 469 1537 Siciliam
487 1521 508 1556 ,
544 1483 616 1537 et
638 1469 949 1539 Cornelio
974 1468 1387 1558 Mammulae,
1415 1472 1527 1564 qui
1554 1469 1923 1539 Sardiniam
1959 1485 2325 1567 propraeto-

204 1573 366 1644 ribus
400 1576 830 1660 obtinebant‚
859 1576 1286 1670 querentibus
1306 1630 1325 1665 ,
1357 1606 1391 1642 (ι
1422 1576 1601 1671 quod
1637 1601 1852 1672 neque
1888 1577 2318 1673 stipendium,

203 1704 398 1775 neque
419 1682 834 1752 frumentum
860 1682 1174 1761 classibus
1199 1709 1430 1753 eorum
1460 1698 1528 1753 et
1556 1684 1954 1753 exercitibus
1982 1685 2141 1755 socii
2169 1709 2326 1780 prae·

205 1785 418 1857 herent
436 1819 472 1853 n
492 1789 1026 1875 ,affirmantibus
1048 1792 1280 1876 etiam,
1304 1816 1390 1860 ne
1410 1790 1658 1860 habere
1680 1791 1947 1885 quidem
1969 1816 2118 1881 eos,
2146 1791 2325 1861 unde

204 1892 258 1961 id
277 1911 590 1989 praestare
613 1912 911 1992 possent,
934 1899 1296 1993 rescripsit,
1320 1927 1355 1962 α
1375 1898 1680 1967 aerarium
1699 1897 2073 1993 longinquis
2090 1924 2327 1994 expen-

205 2001 276 2069 sis
311 2027 443 2071 non
489 2002 840 2074 sufficere:
879 2004 1187 2126 proinde,
1227 2031 1361 2100 quo
1404 2020 1602 2101 pacto
1645 2019 1845 2075 tantm
1882 2007 2122 2102 inopiae
2167 2030 2323 2075 suc-

206 2110 589 2185 currendum
631 2126 835 2197 esset,
874 2113 1000 2207 ipsi
1057 2111 1452 2181 viderent.»
1512 2114 1635 2181 His
1688 2111 1894 2182 literis
1938 2112 2095 2207 quid
2145 2110 2334 2203 aliudj

205 2238 379 2307 quam
422 2219 688 2313 imperii
733 2220 835 2294 sui
879 2218 1328 2313 gubernacula
1379 2243 1417 2287 e
1463 2217 1769 2287 manibus
1819 2217 2107 2311 abjecit?
2153 2219 2324 2287 Sici-

206 2316 465 2453 liamque
501 2338 576 2394 et
613 2326 981 2395 Sardiniam
1002 2325 1560 2420 ,benignissimas
1603 2324 1784 2392 urbis
1823 2338 2064 2394 nostrae
2104 2326 2320 2392 nutri-

337 2482 357 2518 ,
206 2413 638 2525 ces'gradus
667 2447 735 2503 et
771 2431 1214 2503 stabilimenta
1248 2430 1616 2517 bellorum,
1657 2444 1792 2500 tam
1831 2428 2042 2501 multo
2079 2429 2320 2503 sudore

208 2548 265 2604 et
290 2540 607 2634 sanguine
643 2540 710 2609 in
737 2538 846 2633 jus
887 2564 967 2610 ac
1004 2553 1414 2635 potestatem
1432 2536 1772 2626 redactas,
1811 2538 2036 2634 paucis
2070 2536 2321 2620 verbis,

208 2655 262 2710 te
297 2644 543 2716 scilicet
582 2649 990 2718 Necessitate
1026 2646 1333 2741 jubente,
1371 2645 1634 2714 dimisit.

300 2777 361 2822 2.
415 2740 721 2830 Eadem⁴
768 2753 1154 2825 Casilinates
1207 2751 1549 2824 obsidione
1594 2750 1983 2822 Hannibalis
2025 2749 2282 2824 clausos
2299 2806 2323 2839 ,

210 2957 667 3014 Pmsitusitatum
686 2962 997 3032 genti-Iulia
1015 2980 1209 3033 cogno-
1292 2960 1583 3013 amiserunt
1613 2972 1742 3012 tuno
1784 2959 2009 3014 Romani
2044 2959 2158 3011 illan
2188 2978 2316 3030 pro·-

210 3054 340 3104 nen,
366 3059 464 3095 nec
499 3054 914 3096 consentaneum
949 3043 1017 3095 sit
1044 3044 1207 3113 maje-
1291 3039 1521 3104 vincias,
1559 3037 1654 3092 sed
1689 3039 2054 3092 obtinuerunt.
2087 3072 2169 3083 -—
2202 3040 2314 3091 Es-

211 3118 311 3171 ίῐιῑὶ
322 3118 612 3185 dictatoris,
628 3134 691 3175 ut
706 3121 783 3188 id,
795 3120 941 3194 quod
959 3123 1203 3185 refertur,
1233 3121 1236 3123 ’
1283 3123 1462 3190 pansis.
1473 3118 1769 3172 Duodecim
1779 3119 1928 3172 MSS.
1940 3123 2173 3189 impensis.
2188 3120 2317 3176 For-

210 3214 331 3266 epen
353 3204 461 3273 ejus
483 3203 685 3255 factum
706 3200 930 3256 dicatur.
955 3235 1038 3246 --
1063 3204 1204 3254 Proe-
1291 3219 1384 3252 san
1408 3218 1517 3251 non
1545 3200 1700 3252 male.
1732 3198 1860 3251 vid.
1893 3199 2060 3264 infra,
2090 3200 2191 3256 111.

213 3285 372 3335 oeaeati.
415 3283 533 3347 Qui
575 3283 743 3334 xvn
788 3284 952 3336 atatis
1004 3300 1205 3336 annum
1373 3280 1428 3332 3.
1482 3279 1723 3331 Nun-icet.
1780 3279 2053 3350 Precipue
2104 3278 2314 3343 Sicilia,

209 3358 420 3414 nondum
446 3363 749 3434 att‘qerant.
1290 3377 1449 3430 quam
1492 3359 1660 3416 cellas·
1688 3363 1940 3429 ponae-iam
1969 3360 2276 3431 reipublice
2294 3395 2313 3421 ‚

279 3457 323 3492 1.
351 3443 692 3495 Addictum.
717 3442 925 3495 Adaiou·
946 3461 1040 3495 seu
1065 3446 1197 3504 nexi,
1289 3442 1492 3510 τιμιῖον
1509 3476 1526 3502 ,
1553 3437 1754 3508 fiscalia
1798 3439 1995 3500 horrea,
2038 3442 2282 3508 frumento
2299 3478 2318 3504 ,

210 3519 645 3587 quiereditoribus
660 3535 882 3595 propter
905 3523 1121 3575 nomina
1146 3522 1206 3575 in
1291 3520 1452 3581 mette,
1472 3519 1575 3570 tale
1591 3519 1889 3571 abundantia
1902 3520 2178 3573 vocabant.
2197 3519 2315 3571 San-

210 3600 488 3656 servitutem
521 3603 897 3674 temporariam
926 3621 954 3654 a
980 3615 1207 3674 prator-e
1288 3600 1459 3657 dinioe,
1474 3599 1600 3652 licet
1619 3618 1684 3652 ex
1713 3611 1865 3671 parte
1889 3618 2111 3671 asperae,
2129 3597 2312 3652 laudat

212 3674 582 3737 addicebantur.
619 3682 748 3736 Vid.
785 3682 955 3734 Plaut.
992 3682 1050 3734 in
1086 3683 1204 3734 Poe-
1291 3691 1466 3732 tamen
1484 3679 1670 3732 Horat.
1692 3677 1852 3743 1,0d.
1873 3679 1937 3732 31
1958 3683 2316 3750 ,opimasugm

210 3758 319 3811 milo
345 3780 359 3816 :
394 3790 416 3812 ι
439 3764 526 3815 11όί
555 3768 608 3815 ia
630 3765 718 3833 jus
754 3765 969 3824 venerit,
1016 3762 1209 3818 addicet
1291 3772 1360 3811 tes
1373 3761 1574 3826 feracis.
1605 3790 1674 3801 —
1701 3760 1750 3811 T
1744 3781 1785 3811 e.
1804 3759 2050 3830 Pighius,
2084 3763 2171 3811 ita.
2205 3759 2316 3812 Sed

206 3844 616 3910 pratos-samithu
641 3855 789 3895 totam
816 3843 919 3895 tibi.
937 3869 960 3889 ι
1290 3839 1647 3912 apostrophen
1667 3839 1911 3892 hocloco
1944 3858 2054 3892 esse
2086 3837 2306 3892 demon-

278 3938 326 3972 2.
366 3924 581 3977 Chdcm.
608 3925 711 3976 An.
736 3924 807 3975 U.
836 3923 966 3993 547.
996 3921 1205 3990 Livius,
1288 3932 1420 3973 strat
1453 3920 1635 3991 paullo
1670 3932 1792 3990 post
1832 3938 2055 3990 sequens
2090 3920 2308 3973 volumi.

212 3994 403 4067 XXIII,
429 4024 479 4056 2.
496 4003 883 4056 -Ρι-ιεόινεηι.
906 4004 976 4055 At
994 4002 1203 4067 Livius,
1374 4007 1426 4063 4.
1456 4001 1645 4052 Eadem
1650 4038 1742 4052 .....
1769 4000 1984 4052 voluisti.
2014 4000 2211 4071 Guyet.
2239 4002 2309 4053 le.-

212 4093 235 4126 ὃ
255 4082 396 4136 todia
418 4083 791 4155 benignissime
812 4096 1084 4154 erogatum
1112 4082 1205 4134 sti-
1290 4081 1367 4151 git
1390 4081 1513 4133 idem
1536 4080 1719 4141 voluit,
1748 4079 2144 4150 subintelligens
2173 4101 2309 4132 sem·

211 4158 439 4224 pendium
457 4177 510 4216 et
523 4165 1204 4227 frumentum,narrat:nec
1293 4174 1382 4215 tus.
1420 4161 1560 4216 Male
1589 4177 1748 4226 vero,
1787 4178 1911 4212 nam
1941 4161 2186 4214 Valerius
2217 4180 2312 4215 ne-
