3143 5204
701 574 707 580 ‚
740 493 877 559 DE
931 493 1458 563 NOMINUM
1514 497 2004 568 RATIONE.

304 620 567 691 Tuscis¹
606 624 903 711 recitant,
925 626 1195 693 Lartem
1223 628 1661 716 Porsennam3
1690 629 1774 697 ab
1802 632 2177 726 AEquieolis‚
2208 640 2421 734 Septi-

308 754 489 797 mum
531 729 832 803 Modium
874 732 1161 825 primum
1212 756 1434 826 regem
1477 758 1745 822 eorum,
1791 752 1857 805 et
1897 741 2230 812 Sertorem
2285 750 2422 816 Re-

303 836 512 922 sium,
552 837 668 931 qui
712 838 962 930 primus
1005 838 1113 930 jus
1157 837 1383 909 feciale
1429 842 1707 912 instituit
1725 840 1766 910 ².
1812 845 1894 911 In
1933 845 2111 917 hunc
2149 854 2423 923 modum

304 943 627 1011 Varronis
664 944 983 1014 sententia
1018 944 1371 1014 subruitur.

410 1050 747 1118 Romanos
788 1064 1009 1118 autem
1054 1050 1505 1121 arbitrandum
1551 1070 1652 1123 est
1701 1059 1983 1127 maxime
2025 1061 2110 1129 ab
2154 1062 2424 1136 Albanis

301 1168 371 1221 et
430 1155 691 1223 Sabinis
760 1154 1407 1250 multiplicandorum
1478 1162 1821 1231 nominum
1882 1170 2426 1242 consuetudinem

305 1262 616 1348 traxisse,
658 1263 967 1355 quoniam
1010 1263 1095 1330 ab
1138 1262 1263 1333 illis
1309 1268 1436 1333 orti
1490 1282 1661 1336 sunt.
1704 1271 1950 1339 Omnia
1986 1288 2239 1364 autem,
2281 1304 2425 1371 quae

302 1365 388 1434 ad
431 1391 966 1463 unumquemque
1008 1384 1309 1439 nostrum
1347 1370 1794 1444 definiendum
1829 1381 2198 1474 excogitata
2238 1400 2424 1472 sunt,

300 1472 599 1542 eamdem
659 1477 794 1543 vim
849 1475 1259 1571 significandi
1313 1478 1600 1549 hominis
1654 1482 1955 1553 obtinent
1972 1470 2015 1553 ³.
2058 1487 2257 1575 Quod
2306 1518 2427 1586 per

301 1580 772 1673 proprietatem
813 1581 1084 1667 dicitur,
1122 1582 1252 1653 hoc
1296 1583 1524 1673 distat,
1562 1589 1714 1681 quia
1757 1613 1838 1657 eo
1880 1615 2041 1684 gens
2084 1601 2424 1690 cognosci-

2273 532 2410 579 211

298 1759 423 1815 edd.
439 1763 666 1815 habeant
680 1764 864 1816 Alium.
885 1764 1128 1834 Sequutae
1143 1777 1318 1818 tamen
1405 1769 1639 1830 romani,
1668 1774 2083 1841 praenominibus
2105 1778 2228 1833 solis
2253 1797 2427 1853 patres

214 1878 218 1883 -
298 1840 436 1893 iliud
487 1860 675 1914 magna
718 1843 993 1896 oscitantia
1044 1859 1319 1914 sequentes
1407 1866 1466 1900 ac
1493 1866 1618 1901 avos
1645 1863 1855 1905 notare.-
1873 1854 1941 1906 Et
1966 1855 2033 1907 ab
2050 1856 2238 1912 eodem
2258 1865 2426 1933 genti-

297 1919 557 1975 editiones
579 1920 868 1976 Amstelod.
895 1941 1085 1994 nempe
1104 1937 1156 1975 et
1175 1925 1317 1977 Vor-
1402 1926 1578 1979 litium
1607 1947 1817 2001 quoque
1843 1949 2040 1987 nomen
2072 1943 2319 2008 provenit
2341 1943 2425 1996 Se-

297 2001 482 2054 stiana.
502 2001 733 2055 Harlem.
749 2003 849 2055 Bit.
871 2002 1028 2073 prim.
1062 2000 1170 2055 duo
1195 2005 1317 2056 Lei·
1397 2009 1687 2076 ptituiorum,
1715 2011 1852 2063 sicut
1865 2014 1932 2065 ab
1951 2015 2066 2068 aliis
2084 2018 2243 2072 etiam
2264 2022 2423 2091 Quin-

297 2078 447 2133 dens.
479 2081 669 2152 Ultraj.
700 2092 920 2154 uterque
952 2083 1182 2134 Volesum
1210 2085 1265 2133 V
1260 2104 1315 2134 a·
1404 2091 1512 2147 etii,
1555 2087 1739 2145 Sextii,
1780 2090 1995 2156 Octavii,
2032 2096 2266 2161 Decimii,
2302 2117 2425 2156 sunt

298 2161 510 2221 lentium,
529 2161 613 2213 vel
631 2162 688 2212 V
682 2162 927 2214 alem-ium.
945 2162 1136 2232 Ultraj.
1156 2163 1315 2233 prim.
1404 2167 1670 2236 appellati.
1690 2170 1966 2223 ——Modioe
2002 2174 2216 2245 quidem
2253 2184 2422 2251 gentis

296 2240 770 2294 Fumiscilleaticum.
794 2242 958 2293 Paris.
988 2242 1312 2311 prim-Leid.
1402 2246 1646 2298 meminit
1672 2248 1829 2300 etiam
1859 2251 2075 2316 Cicer0‚
2098 2256 2173 2308 M.
2202 2259 2421 2315 Modiam

296 2319 470 2391 quint.
491 2320 683 2372 Firmus
698 2321 951 2372 iHeaticum
966 2360 981 2381 ,
1007 2319 1158 2373 Leid.
1183 2335 1312 2375 sext.
1400 2325 1631 2395 equitem
1642 2345 1920 2382 romanum
1930 2333 2422 2395 nominansactione

295 2400 519 2452 Firmum
566 2394 839 2453 illeaticum.
893 2401 996 2452 Bit.
1047 2402 1207 2471 prim.
1262 2414 1315 2455 et

295 2478 445 2531 Harl.
466 2480 615 2532 Fumi
636 2479 949 2532 Silleaticum.
972 2480 1116 2550 Meg.
1145 2481 1312 2533 Alium

295 2558 759 2625 Sumisilleaeicwn‚
787 2572 848 2613 ut
877 2574 931 2614 et
959 2559 1175 2630 reliqum
1207 2559 1315 2615 edi·

294 2651 486 2693 tiones.

379 2736 402 2771 1
416 2759 427 2771 .
447 2720 697 2771 Hetruscis
712 2756 726 2777 ‚
747 2723 953 2771 recitant
976 2722 1166 2772 Lartem
1183 2724 1312 2773 Por·

292 2817 455 2850 senam
490 2799 552 2851 ab
585 2800 871 2872 EquicoleL53
899 2800 1176 2870 Septimium
1203 2802 1310 2854 Me-

292 2878 445 2932 dium.
477 2878 561 2932 Sic
586 2879 734 2930 olim.
768 2878 1067 2933 Correctius
1098 2881 1209 2934 haec
1241 2882 1313 2934 ita

291 2956 557 3011 habentur
590 2959 648 3011 in
681 2970 785 3011 vet.
815 2977 862 3012 c.
893 2958 1172 3031 Campensi
1197 2998 1210 3018 ‚
1259 2974 1313 3013 et

292 3035 670 3091 Sambuciano:
688 3039 775 3091 Ex
782 3039 831 3090 T
828 3044 950 3091 uscis
962 3044 1177 3104 recitant,
1191 3042 1313 3093 Lar-

293 3128 385 3168 tem
399 3118 724 3186 Porsennamj
737 3118 800 3169 ab
818 3119 1090 3191 AEquicolis
1104 3157 1119 3179 ,
1149 3120 1309 3191 Septi-

290 3215 417 3248 mum
452 3197 673 3250 Modiam
704 3201 912 3268 primum
952 3219 1107 3269 regem
1134 3220 1309 3255 eorum,

290 3276 529 3347 Septimus
559 3291 640 3331 est
668 3296 845 3330 rarum
863 3277 1079 3350 quidem
1102 3299 1309 3351 praeno·

289 3374 447 3422 men;
486 3355 579 3410 sed
622 3356 854 3428 ejusdem
886 3371 1061 3412 tamen
1092 3361 1311 3413 rationis

289 3454 352 3489 ac
381 3436 615 3505 Quintus,
648 3437 849 3494 Sextus,
884 3438 1120 3502 Octavus,
1162 3440 1310 3491 Deci-

291 3534 428 3577 mus5
465 3534 584 3586 quae
613 3517 679 3570 ab
709 3516 900 3571 ordine
929 3515 1178 3571 nascendi
1209 3520 1310 3572 im-

289 3595 465 3665 posita
513 3596 671 3649 fuisse
727 3598 955 3650 affirmat
997 3597 1074 3650 M.
1118 3597 1307 3653 Varro.

286 3674 421 3746 Ejus
450 3677 772 3729 mentionem
803 3677 1012 3748 reperio
1050 3676 1193 3747 apud
1218 3678 1309 3730 Li-

289 3755 440 3806 vium
462 3755 599 3807 libro
617 3756 776 3808 XXV
798 3757 855 3808 in
877 3756 983 3809 fine
999 3795 1015 3822 ,
1041 3756 1136 3809 uhi
1163 3759 1308 3826 juve-

288 3852 415 3886 nem
445 3834 597 3890 illurn
624 3836 857 3906 equitem
872 3876 888 3902 ‚
919 3836 1011 3907 qui
1045 3835 1308 3907 Scipioni-

287 3914 391 3966 bus
438 3915 623 3968 occisis
665 3915 724 3967 in
762 3916 1015 3987 Hispania
1059 3916 1308 3987 reliquias

289 3994 551 4047 exercitus
563 3994 817 4060 servavit,
837 3996 1066 4067 appellat
1079 3997 1141 4049 L.
1163 3996 1307 4048 Mar-

287 4077 413 4125 cium
440 4074 642 4144 Septimi
659 4072 837 4142 filium.
867 4076 947 4128 lta
973 4093 1202 4148 namque
1231 4078 1307 4130 le·

287 4152 523 4223 gendum
541 4192 557 4217 ,
574 4153 788 4225 quando
801 4167 1005 4208 constat
1020 4157 1182 4209 moris
1197 4175 1309 4210 esse

1400 2403 1457 2455 in
1495 2405 1718 2458 Verrem
1758 2409 1858 2462 IV.
1903 2412 1991 2464 Ex
2028 2413 2196 2467 Tuscis
2238 2423 2421 2489 praefe-

1399 2496 1528 2536 runt
1564 2486 1722 2537 etiam
1756 2490 1924 2542 nostri
1964 2491 2117 2547 MSS.
2157 2496 2416 2567 Septimum

1400 2563 1619 2617 Modiam
1648 2566 1807 2620 habet
1840 2570 2035 2643 Ultraj.
2062 2575 2219 2645 prim.
2266 2578 2420 2641 Harl.-

1400 2644 1562 2698 Paris.
1594 2647 1752 2718 prim.
1776 2648 1925 2704 Leid.
1946 2664 2066 2707 tert.
2087 2668 2140 2708 et
2164 2658 2333 2729 quint.

1484 2743 1534 2778 2.
1574 2727 1678 2796 Qui
1695 2732 1879 2798 primus
1892 2734 1977 2800 jus
1987 2733 2167 2796 feciale
2188 2741 2409 2793 instituit.
2451 2773 2454 2774 ν

1400 2804 1588 2876 Ultraj.
1605 2809 1763 2877 prim.
1778 2814 1861 2880 qui
1866 2813 1951 2880 jus
1953 2815 2132 2878 fieciale
2140 2824 2384 2872 coustituit
2397 2862 2414 2886 ‚

1397 2881 1574 2937 deleto
1597 2891 1797 2956 prinum.

1400 2999 1411 3016 x
1480 2964 1534 3016 3.
1577 2966 1755 3019 Omnia
1790 2981 1969 3034 autem,
2015 2993 2124 3043 quoe
2149 2977 2221 3029 ad
2249 3000 2414 3033 unum-

1397 3062 1621 3116 quemque
1652 3059 1860 3100 uostrum
1886 3050 2200 3120 definiendum
2226 3079 2412 3113 accom-

1397 3124 1590 3175 modata
1619 3139 1750 3187 sunt,
1785 3129 1946 3181 eadem
1976 3138 2076 3185 vim
2086 3175 2297 3193 .......
2327 3144 2412 3194 ob·

1399 3206 1562 3256 tabent.
1588 3204 1674 3258 Sic
1695 3208 1854 3273 olim;
1886 3211 1998 3282 lege
2022 3217 2243 3269 eamdem.
2271 3221 2413 3273 Dicit

1395 3282 1537 3334 enim
1554 3286 1735 3338 omnia
1747 3290 1960 3342 nomina
1972 3291 2409 3354 habereeamdem

1396 3361 1505 3413 vim
1517 3362 1849 3433 significandi
1864 3369 2094 3426 hominis
2108 3389 2299 3445 praeter
2311 3401 2408 3433 no·

1395 3459 1519 3494 men
1543 3443 1865 3513 gentilitium
1882 3488 1896 3512 ,
1923 3468 2030 3520 quo
2055 3471 2181 3523 gens
2212 3475 2408 3530 eogno-

1396 3521 1662 3589 scitur,et
1690 3524 1759 3576 ita
1791 3524 1968 3581 editur
1985 3530 2042 3583 in
2069 3534 2221 3588 Auct.
2254 3539 2407 3610 Ling.

1397 3601 1512 3653 Lat.
1541 3600 1665 3655 vide
1692 3603 1917 3668 Quintil.
1951 3609 2044 3663 lib.
2073 3613 2152 3666 VI
2163 3652 2179 3677 ‚
2205 3634 2319 3687 cap.
2351 3622 2404 3671 3.

1398 3679 1612 3750 Pighius
1630 3715 1650 3742 ‚
1675 3684 1829 3738 etiam
1860 3688 1916 3738 in
1943 3693 2195 3762 margine,
2214 3694 2409 3750 adscri-

1396 3760 1501 3829 psit
1533 3781 1635 3832 pro
1675 3766 1819 3818 varia
1858 3766 2083 3823 lectione
2121 3777 2370 3846 quamdam
2386 3803 2407 3842 ‚-

1396 3838 1488 3891 sed
1516 3842 1723 3894 eamdem
1746 3845 1942 3900 hahent
1957 3855 2264 3907 vetustiores
2281 3857 2405 3912 edd.

1396 3932 1449 3972 et
1470 3938 1532 3974 ex
1553 3921 1701 3976 MSS.
1727 3924 1873 3978 Harl.
1895 3934 2405 4007 uterque-Ultraject.

1394 4016 1515 4051 cum
1545 4002 1715 4055 trihus
1738 4003 1979 4061 Leidens.
2001 4029 2033 4062 e
2055 4013 2246 4082 quibus
2272 4032 2403 4071 sext.

1394 4079 1551 4133 etiam
1590 4083 1662 4132 ad
1695 4103 2058 4159 unumquemque
2090 4097 2246 4145 virum
2263 4137 2282 4163 ,
2308 4117 2406 4169 pro

1396 4160 1466 4209 ad
1490 4180 1680 4234 unumq.
1711 4177 1939 4217 nostrum.
2345 4165 2353 4180 ⁸

1927 4277 2053 4360 14²
