3143 5204
847 456 941 551 78
1186 454 1638 522 VALERII
1696 453 2105 520 MAXIMI
2160 453 2347 519 LIB.
2404 454 2646 522 VIII.

1554 698 2047 790 CAPUT
2118 699 2227 785 V.

1327 928 1437 993 De
1477 928 1875 992 testemonc‘cls
1915 928 2121 992 emtas
2152 924 2272 992 vel
2305 928 2481 992 ratis·

841 1141 881 1172 ι.
901 1124 1172 1186 Caepionum
1189 1139 1242 1170 tc
1264 1122 1562 1169 Metellorum
1586 1122 1635 1168 in
1653 1123 1712 1180 Q.
1731 1122 2021 1185 Pompeium.
2048 1147 2111 1157 -
2131 1136 2174 1168 2.
2202 1123 2270 1168 M.
2289 1122 2481 1169 Anmilii
2506 1123 2675 1170 Scauri
2693 1123 2743 1168 in
2766 1123 2967 1170 diversos.

898 1205 941 1251 3.
966 1207 1020 1252 1..
1040 1204 1193 1250 Crassi
1213 1204 1264 1249 in
1281 1204 1350 1250 M.
1372 1203 1663 1251 Marcellum.
1681 1228 1743 1237 —
1758 1210 1806 1257 4.
1826 1202 1885 1260 Q.
1902 1201 2083 1249 Metelli
2096 1234 2113 1257 ,
2127 1201 2431 1248 Lucullorum
2446 1236 2460 1256 ‚
2481 1203 2733 1248 Rortemii
2755 1213 2801 1249 et
2819 1203 2967 1264 Lepidi

896 1283 948 1330 in
970 1284 1026 1329 C.
1060 1282 1346 1329 Cornelium.
1367 1308 1429 1317 -
1462 1282 1505 1328 5.
1533 1283 1603 1329 M.
1628 1280 1866 1328 Ciceronis
1889 1282 1938 1326 in
1973 1282 2024 1325 Ρ.
2050 1279 2284 1327 Clodium.
2308 1306 2369 1315 —
2402 1280 2449 1327 6.
2482 1283 2539 1326 Ρ.
2576 1282 2766 1329 Servilii
2797 1282 2968 1328 Isaurici

900 1362 948 1407 ἱιι
969 1361 1218 1423 quemdam
1241 1376 1388 1407 reum.

958 1558 982 1603 1
1000 1585 1015 1602 .
1045 1534 1355 1627 Sequitur
1381 1547 1458 1602 ut
1482 1530 1564 1600 ad
1595 1545 1792 1601 testes
1827 1532 2223 1627 pertinentia
2250 1531 2555 1628 exempla
2590 1557 2967 1603 commemo-

843 1664 1002 1709 rem.
1033 1642 1156 1710 Cn.
1188 1654 1256 1709 et
1277 1640 1361 1729 Q.
1390 1636 1678 1707 Serviliis
1710 1638 2165 1733 Caepionibus,
2201 1638 2431 1708 iisdem
2457 1641 2851 1734 parentibus
2876 1662 2968 1707 na-

840 1747 926 1815 tis
961 1760 1030 1816 et
1067 1770 1190 1841 per
1221 1770 1451 1814 omnes
1478 1744 1812 1814 honorum
1849 1744 2091 1840 gradus
2122 1745 2206 1814 ad
2241 1769 2573 1815 summam
2611 1743 2964 1841 amplitudi-

842 1877 995 1922 nem
1018 1853 1381 1948 provectiS‚
1403 1853 1561 1921 item
1582 1851 1894 1920 fratribus
1916 1852 2001 1940 Q.
2022 1865 2089 1920 et
2105 1853 2185 1921 L.
2206 1850 2491 1923 Metellis
2518 1851 2963 1923 consularibus

843 1973 911 2028 et
945 1959 1256 2029 censoriis
1275 2013 1294 2047 ‚
1325 1957 1532 2027 altero
1563 1958 1763 2026 etiam
1800 1956 2223 2053 triumphali,
2256 1960 2321 2027 in
2362 1960 2450 2048 Q.
2479 1959 2869 2055 Pompeium
2893 1960 2957 2026 A.

840 2063 937 2133 1³2¹
967 2065 1484 2161 repetundarum
1521 2088 1710 2133 reum
1738 2064 2054 2133 acerrime
2087 2064 2455 2135 dicentibus
2492 2066 2959 2148 testimonium,

842 2197 977 2241 non
1007 2173 1326 2268 abrogata
1357 2170 1519 2241 fides
1555 2167 1859 2240 absoluto
1884 2171 2235 2266 Pompei03
2278 2171 2393 2241 sed
2419 2196 2505 2241 ne
2532 2173 2836 2269 potentia
2857 2171 2959 2238 ini-

842 2279 1088 2348 micum
1127 2280 1528 2399 oppressisse
1555 2276 1978 2365 viderentur,
2018 2303 2370 2348 occursum
2406 2293 2532 2348 est.

954 2411 1018 2455 2.
1042 2387 1136 2455 Μ.
1158 2387 1356 2455 etiam
1374 2383 1670 2454 AEmilius
1686 2386 2002 2468 Scaurus,
2024 2385 2334 2480 princeps
2357 2401 2663 2473 senatus,
2688 2388 2763 2456 C.
2781 2384 2961 2452 Mem·

844 2493 1049 2561 mium
1063 2490 1629 2587 'repetundarum
1659 2516 1882 2560 rerum
1909 2491 2223 2561 destricto
2250 2493 2641 2562 testimonio
2669 2494 2958 2583 insequu-

847 2613 952 2667 tus
986 2613 1130 2668 est:
1176 2598 1349 2668 idem
1392 2601 1472 2668 C.
1516 2582 1864 2667 Flavium³
1902 2597 2132 2668 eadem
2183 2597 2347 2736 lege
2368 2615 2761 2669 accusatum
2801 2610 2958 2665 tesus

844 2703 1179 2798 proscidit.
1220 2708 1367 2774 Jam
1400 2707 1479 2773 C.
1516 2705 1911 2774 Norbanum
1950 2692 2347 2799 majestatis⁴
2384 2707 2665 2776 crimine
2707 2702 2960 2801 publicae

845 2811 1185 2904 quaestioni
1222 2811 1629 2904 subjectum,
1668 2836 1747 2880 ex
1780 2812 2079 2907 professo
2121 2814 2495 2909 opprimere
2537 2828 2815 2882 conatus
2837 2822 2956 2877 est.

847 2942 971 2985 nec
1012 2931 1236 2986 tamen
1277 2932 1393 2987 aut
1436 2918 1863 3004 auctoritate,
1913 2943 2043 3013 qua
2093 2918 2448 3013 plurimum
2488 2919 2823 3014 pollebat,
2862 2927 2959 2983 aut

847 3022 1160 3118 religione
1183 3078 1203 3112 ‚
1237 3023 1320 3093 de
1349 3048 1480 3120 qua
1506 3049 1703 3094 nemo
1735 3024 2082 3095 dubitabat
2102 3079 2121 3110 ‚
2147 3051 2547 3122 quemquam
2589 3024 2846 3096 illorum
2876 3017 2955 3089 af·

846 3130 1071 3225 fligere
1102 3132 1335 3225 potuit.

931 3353 979 3386 1.
1016 3335 1086 3403 Q.
1104 3334 1380 3405 Pompeium
1401 3335 1472 3387 A.
1495 3335 1558 3386 F.
1586 3335 1726 3387 Cave
1745 3353 1866 3388 cum
1952 3345 2189 3398 armato,
2219 3334 2368 3405 quasi
2397 3333 2640 3434 districto
2662 3353 2753 3389 seu
2777 3326 2954 3384 nudato

842 3411 982 3468 Aldo
1013 3413 1153 3485 legas
1183 3414 1249 3484 Q.
1280 3415 1558 3484 Pompeium
1583 3412 1861 3485 Aufidm,
1948 3411 2142 3484 gladio.

843 3513 969 3548 nam
998 3493 1183 3559 MSS„
1212 3505 1266 3547 et
1293 3492 1380 3548 ed.
1410 3493 1554 3565 Mog.
1596 3493 1737 3546 clare
1771 3494 1868 3546 ha·
2034 3493 2089 3546 3.
2110 3493 2351 3547 Flavium.
2367 3496 2429 3546 A.
2448 3496 2516 3547 U.
2545 3496 2693 3566 5473
2721 3492 2830 3547 Cic.
2850 3441 2952 3541 loco

841 3576 972 3629 bent
1007 3575 1134 3627 Auli
1148 3572 1330 3644 filzssum
1361 3606 1441 3616 --
1481 3575 1649 3626 Reum.
1693 3575 1756 3625 A.
1792 3574 1865 3625 U.
1950 3571 2128 3626 citato.
2147 3606 2228 3615 —
2250 3576 2379 3644 Lege
2406 3573 2836 3645 repetundarum.

843 3655 994 3720 6ι5,
1019 3655 1131 3708 Cic.
1150 3673 1206 3726 p.
1227 3653 1464 3707 Fonteio.
1490 3673 1544 3725 7.
1564 3652 1706 3706 Plin.
1727 3653 1866 3718 vn,
2035 3659 2087 3714 4.
2131 3653 2422 3724 ΜαῘοειαιὶε.
2461 3654 2625 3720 Quod
2661 3655 2723 3706 P.
2766 3653 2827 3703 R.
2858 3662 2954 3698 ma·

840 3735 1015 3796 043.
1044 3766 1125 3777 —
1164 3733 1737 3803 Abmgata.Ab1-ogare
1773 3751 1865 3785 seu
1946 3734 2186 3803 jatatem
2205 3734 2465 3788 violasset.
2493 3737 2553 3788 A.
2585 3736 2654 3787 U.
2684 3735 2714 3786 5
2725 3733 2810 3800 59
2837 3727 2954 3780 Nor·

840 3753 1094 3886 derogare
1125 3812 1317 3877 fidem,
1355 3825 1482 3866 nota
1522 3813 1747 3866 formula
1784 3813 1864 3865 lo·
1950 3813 2119 3866 banus
2154 3813 2344 3866 missos
2375 3834 2404 3866 a
2441 3814 2584 3867 Sulla
2623 3816 2844 3885 legatos,
2873 3821 2952 3875 qul

838 3893 1056 3965 quendi.
1952 3890 2018 3945 de
2036 3911 2166 3963 pace
2185 3905 2429 3963 agerent,
2452 3896 2636 3947 consul
2659 3892 2950 3946 violaveram

925 3995 974 4026 ο.
998 3974 1286 4027 Memmium
1314 3974 1379 4028 A.
1400 3975 1470 4026 U.
1500 3974 1637 4028 650.
1659 4004 1739 4015 —-
1768 3973 1864 4024 Re·
1950 3970 2093 4025 idem
2128 3984 2309 4045 postea
2347 3975 2704 4046 proscriptus,
2749 3971 2801 4022 in
2835 3963 2951 4018 urbe

832 4054 1148 4121 petzmdarum
1180 4073 1323 4107 reum.
1356 4054 1433 4106 Ex
1464 4053 1585 4106 Asia
1601 4091 1618 4118 ,
1650 4064 1711 4105 ut
1735 4071 1862 4106 con·
1950 4051 2142 4105 Rhodo
2172 4071 2294 4105 cum
2325 4052 2881 4125 comprehenderetur,
2903 4056 2950 4092 ⁸⁶

833 4132 1030 4204 jicitur.
1063 4168 1140 4176 —
1174 4135 1433 4187 Destricto.
1468 4132 1783 4186 vehementi
1811 4145 1863 4185 et
1952 4133 2120 4203 ipsum
2153 4130 2364 4186 occidit.
