3143 5204
608 485 818 553 CAP.
876 484 1032 565 1113
1087 484 1228 549 DE
1283 482 1466 548 IRA
1522 484 1647 548 ET
1701 483 1985 549 ODIO.
2219 479 2356 578 159

346 641 409 683 2.
438 620 661 704 Quam
686 615 1040 688 vehemens
1066 612 1300 680 deinde
1318 612 1634 682 adversus
1661 612 1979 707 populum
2011 638 2356 684 romanum

239 720 635 790 Hamilcaris
663 720 678 744 ¹
740 715 996 790 odium!
1049 734 1334 813 quatuor
1390 720 1563 788 enim
1623 718 1887 813 puerilis
1938 722 2143 789 aetatis
2196 721 2363 790 filios

239 830 539 915 intuenS,
583 828 873 921 ejusdem
926 828 1182 894 numeri
1230 824 1482 894 catulos
1534 825 1828 894 leoninos
1877 826 1943 893 in
1995 828 2355 920 perniciem

239 935 494 1050 imperii
523 936 732 1001 nostri
758 932 932 1001 alere
961 958 1029 1001 se
1059 931 1494 1027 praedicabat:
1525 931 1725 1024 digna
1754 933 2185 1019 nutrimenta,
2215 960 2359 1027 quae

238 1042 302 1107 in
338 1037 657 1108 exitium²
695 1041 920 1134 patriae
956 1064 1122 1124 suae,
1160 1052 1235 1106 ut
1269 1041 1526 1124 evenit,
1571 1035 2140 1107 converterentur!

345 1143 411 1214 3.
452 1148 511 1213 Ε
539 1146 778 1274 quibus
810 1143 1137 1213 Hannibal
1175 1159 1431 1212 mature
1459 1144 1624 1212 adeo
1658 1145 1860 1238 patris
1885 1147 2157 1239 vestigia
2195 1145 2356 1214 sub-

242 1267 556 1346 sequutus
580 1237 717 1320 est3
723 1266 835 1337 ‚ut
863 1276 943 1320 eo
971 1253 1331 1319 exercitum
1362 1254 1429 1318 in
1449 1252 1832 1344 Hispaniam
1865 1253 2255 1345 trajectum,
2293 1268 2360 1320 et

242 1359 324 1426 ob
364 1357 431 1425 id
478 1358 924 1443 sacrificante,
975 1381 1215 1425 novem
1265 1382 1591 1425 annorum
1630 1373 1822 1441 natu,
1868 1356 2097 1426 altaria
2129 1373 2358 1427 tenens

235 1465 526 1555 juraret,
567 1488 643 1532 se
656 1519 677 1550 ,
723 1489 924 1559 quum
953 1469 1253 1559 primum
1281 1488 1414 1558 per
1440 1479 1717 1532 aetatem
1752 1470 2118 1558 potuisset,
2168 1488 2357 1533 acer·

240 1576 475 1638 rimam
500 1571 757 1639 hostem
778 1572 1028 1666 populi
1051 1577 1325 1640 romani
1331 1571 1696 1661 futurum,-
1726 1585 1800 1638 ut
1829 1572 2360 1665 pertinacissimis

245 1675 548 1769 precibus
597 1679 894 1746 instantis
947 1676 1098 1745 belli
1150 1663 1650 1745 commilitium⁴
1705 1679 2116 1770 exprimeret.
2171 1677 2358 1747 Idem

243 1782 608 1877 significare
656 1784 926 1878 cupiens
959 1838 978 1870 ,
1036 1798 1283 1878 quanto
1340 1785 1511 1851 inter
1569 1809 1638 1852 se
1693 1783 1846 1851 odio
1903 1785 2240 1879 Carthago
2295 1800 2361 1852 et

243 1890 456 1957 Roma
497 1889 916 1975 dissiderent,
964 1889 1211 1959 inflicto
1259 1891 1327 1958 in
1378 1905 1621 1958 terram
1672 1890 1872 1983 pede,
1914 1892 2357 1985 suscitatoque

244 1994 548 2089 pulvere,
579 2012 739 2065 tunc
766 2002 943 2065 inter
965 2021 1089 2065 eas
1089 1997 1268 2087 sore
1266 1998 1494 2091 finem
1525 1996 1688 2066 belle·
1708 1996 1870 2064 dixit
1886 2022 2134 2091 ,quum
2153 2001 2358 2068 alter-

244 2118 396 2170 utra
442 2102 604 2171 urbs
641 2108 712 2171 in
742 2103 1045 2173 habitum
1075 2105 1379 2198 pulveris
1418 2118 1593 2172 esset
1628 2103 1938 2172 redacta.

344 2213 412 2293 4.
462 2211 540 2276 In
585 2209 818 2304 puerili
861 2224 1128 2304 pectore
1167 2194 1462 2278 tantum⁵
1504 2210 1604 2277 vis
1649 2209 1783 2277 odii
1822 2211 2084 2303 potuit3
2134 2209 2246 2278 sed
2293 2212 2358 2279 in

245 2314 545 2384 muliebri
582 2341 845 2410 quoque
883 2342 1066 2434 aeque
1106 2315 1385 2385 multum
1431 2299 1693 2383 valuit⁶.
1737 2317 2041 2409 Namque
2082 2318 2358 2384 Semira-

247 2424 362 2489 mis
397 2425 808 2515 Assyriorum
841 2425 1099 2516 regina,
1139 2448 1342 2515 quum
1386 2423 1446 2490 ei
1487 2423 1660 2490 circa
1693 2420 1943 2491 cultum
1984 2424 2213 2516 capitis
2258 2426 2356 2491 sui

246 2543 580 2623 occupatae
622 2531 992 2597 nuntiatum
1040 2544 1248 2614 esset,
1303 2527 1706 2623 Babylonem
1749 2528 2100 2616 defecisse,
2158 2528 2359 2598 altera

247 2652 426 2727 parte
455 2638 734 2705 crinium
759 2636 975 2705 adhuc
1004 2634 1215 2705 soluta
1247 2638 1545 2730 protinus
1573 2636 1656 2704 ad
1682 2660 1827 2705 eam
1857 2637 2359 2731 expugnandam

247 2744 575 2810 cucurrit:
603 2767 723 2811 nec
751 2744 931 2837 prius
960 2743 1266 2812 decorem
1296 2741 1681 2836 capillorum
1712 2745 1781 2811 in
1803 2744 2133 2828 ordinem,
2162 2768 2359 2837 quam

247 2861 489 2916 tantam
552 2849 781 2917 urbem
845 2851 912 2916 in
969 2863 1359 2942 potestatem
1414 2872 1600 2918 suam
1625 2903 1644 2932 ,
1705 2849 1992 2945 redegit:
2049 2852 2358 2943 quocirca

249 2968 457 3022 statua
489 2955 630 3047 ejus
654 2953 985 3049 Babylone
1020 2957 1232 3049 posita
1271 2970 1370 3024 est
1408 2955 1519 3023 illo
1555 2955 1819 3038 habitu,
1863 2982 1995 3050 quo
2034 2957 2117 3024 ad
2154 2956 2356 3025 ultio-

248 3084 391 3128 nem
436 3061 822 3155 exigendam
870 3060 1199 3129 celeritate
1242 3063 1558 3155 praecipiti
1601 3062 1893 3131 tetendit.

329 3286 368 3320 1.
410 3267 611 3319 Odium.
644 3266 770 3319 Vid.
797 3268 932 3338 Nep.
956 3268 1011 3319 in
1036 3267 1132 3319 vit.
1154 3266 1256 3319 Hic

250 3346 509 3398 Hamilcar
539 3347 638 3398 fuit
664 3346 971 3399 Hannibalis
997 3359 1176 3416 pater,
1206 3359 1258 3398 et

249 3439 344 3478 tres
370 3430 483 3497 ejus
508 3426 607 3479 filii
636 3426 896 3479 Hannibal
917 3461 934 3487 ‚
965 3423 1258 3478 Hasdrubal

1428 3266 1481 3318 5.
1511 3267 1558 3316 T
1553 3278 1718 3318 antam
1740 3273 1832 3320 vis.
1863 3269 2013 3340 Pigh.
2034 3282 2087 3322 et
2110 3271 2198 3322 alii
2217 3309 2233 3332 ,
2264 3292 2360 3323 non

1348 3358 1546 3396 tantum.
1571 3346 1725 3397 Male.
1744 3349 1947 3400 Vocula
1965 3369 2157 3420 negans
2181 3352 2355 3405 locum

1345 3425 1434 3476 hic
1464 3443 1570 3476 non
1606 3424 1777 3477 habet.

251 3519 298 3558 et
320 3507 550 3578 Sappho.

329 3605 379 3637 2.
433 3587 672 3638 Exitium.
720 3585 854 3637 Nam
894 3585 1117 3637 Romani
1153 3603 1260 3636 non

250 3663 375 3717 adeo
396 3685 493 3735 per
519 3666 870 3719 Hannibalem
893 3664 1117 3728 irritati,
1137 3665 1260 3717 Car·

251 3745 507 3815 thaginem
535 3764 646 3798 non
669 3744 944 3798 delessent.

328 3825 739 3897 3..ςυύωᾳιαιὶω
778 3836 863 3876 est.
906 3826 1007 3875 An.
1039 3824 1105 3875 U.
1145 3823 1255 3876 516

250 3904 467 3957 circiter.
498 3906 616 3957 Liv.
650 3906 782 3956 XXI
810 3917 863 3956 et
893 3904 1125 3967 xxxV;
1165 3904 1260 3955 Po-

250 3984 355 4053 lyb.
383 3986 455 4037 11.
485 4016 565 4027 -—·
587 3985 843 4036 Potuisset.
872 3985 975 4035 Pro
992 3995 1168 4054 posset.

331 4070 380 4123 4.
440 4065 795 4116 Commilitium.
841 4064 916 4117 Ut
957 4065 1092 4134 patri
1135 4062 1256 4114 duci

252 4160 417 4195 comes
447 4145 546 4196 iret
578 4145 633 4195 in
666 4143 920 4196 militiam.

1431 3509 1482 3557 6.
1520 3504 1706 3556 Voluit.
1738 3506 2036 3558 Semiramis
2073 3522 2221 3563 antea
2260 3513 2362 3566 fuit

1349 3584 1620 3655 cujusdam
1640 3586 1883 3638 Menonis
1900 3606 2050 3641 uxor.
2069 3588 2169 3640 Sed
2195 3609 2357 3660 quum

1348 3666 1459 3733 ejus
1488 3665 1709 3717 consilio
1732 3665 1857 3717 urbs
1884 3679 1935 3719 et
1961 3687 2051 3720 arx
2080 3669 2262 3723 Bactra
2282 3691 2364 3724 ca-

1347 3757 1436 3814 pta
1465 3756 1623 3807 esset,
1654 3747 1766 3814 ejus
1796 3746 2047 3800 virtutem
2074 3747 2360 3804 admiratus

1347 3824 1546 3888 Ninus,
1589 3844 1702 3876 eam
1750 3826 1850 3877 sibi
1897 3846 2110 3879 uxorem
2159 3832 2359 3885 ascivit.

1347 3901 1486 3956 Vide
1522 3902 1591 3955 de
1627 3906 1739 3974 ejus
1766 3907 1919 3975 gestis
1946 3908 1976 3957 J
1984 3908 2215 3960 ustinum
2247 3911 2297 3973 I,
2330 3931 2349 3964 1

1346 3996 1399 4034 et
1435 4003 1508 4047 ας
1571 3984 1836 4049 xxxvl,
1888 4006 1956 4051 ²3
2006 3988 2357 4058 Pomponium

1347 4063 1537 4115 Melam
1567 4064 1620 4126 Ι,
1665 4083 1684 4116 ι
1704 4084 1723 4116 1
1756 4085 1770 4128 ;
1811 4064 1971 4118 ovid.
2004 4068 2356 4143 Metamorph.
