3143 5204
426 504 640 580 CAP.
698 509 843 594 lv,
896 508 1038 576 DE
1092 504 1916 595 QUESTlonus
2149 538 2241 610 77

252 669 302 712 1.
345 646 435 711 M.
475 642 660 737 Agrii
696 641 1049 735 argentarii
1072 638 1089 663 ¹
1136 663 1364 709 servus
1408 638 1856 709 Alexandrum
1907 645 1982 713 C.
2021 646 2251 715 Fannii

149 775 383 818 servum
419 748 735 818 occidisse
773 746 1183 816 insimulatus
1218 758 1354 831 est3
1395 768 1609 840 eoque
1650 749 1920 818 nomine
1962 765 2176 821 tortus
2211 778 2252 822 a

149 857 391 926 domino
408 909 428 943 ‚
465 855 823 924 admisisse
855 877 932 922 se
955 853 1333 943 idfacz'mw
1361 855 1885 924 constantissime
1919 880 2250 927 assevera-

151 965 232 1031 vit
250 989 265 1031 :
286 964 503 1057 itaque
530 962 781 1029 Fannio
814 958 1075 1029 deditus
1091 958 1135 1048 ²,
1160 959 1481 1055 supplicio
1508 957 1788 1031 affectus
1814 976 1930 1031 est.
1961 964 2250 1034 Parvulo

150 1068 357 1138 deinde
399 1083 702 1162 tempore
750 1067 1094 1160 interjecto
1117 1120 1137 1153 ,
1184 1065 1330 1153 ille,
1368 1066 1554 1160 cujus
1598 1066 1680 1136 de
1725 1092 1887 1137 nece
1929 1070 2250 1140 creditum

151 1189 304 1262 erat,
343 1175 619 1244 domum
658 1152 905 1242 rediit³.

240 1308 300 1351 α.
337 1285 593 1352 Contra
627 1282 859 1349 Fannii
897 1304 1124 1349 servus
1167 1278 1569 1368 Alexander,
1602 1304 1808 1374 quum
1846 1284 1914 1349 in
1941 1285 2256 1378 suspicio-

153 1414 277 1457 nem
312 1392 387 1459 C.
434 1388 643 1457 Flavii
684 1387 917 1483 equitis
960 1387 1218 1455 romani
1258 1387 1456 1455 occisi
1495 1388 1780 1457 venisse-t
1803 1443 1822 1476 ‚
1866 1392 2072 1459 sexies
2109 1404 2256 1459 tor-

153 1511 238 1564 tus
267 1496 658 1590 pernegavit
676 1547 695 1581 ‚
734 1500 803 1563 ei
831 1518 906 1563 se
938 1495 1163 1590 culpae
1198 1494 1483 1587 qſj‘t'nem
1504 1494 1747 1586 finisse
1761 1521 1790 1580 ,·
1834 1495 1948 1565 sed
1987 1497 2260 1592 perinde

151 1614 320 1698 atque
350 1596 692 1671 confessus
716 1655 735 1688 ‚
763 1614 831 1670 et
858 1624 899 1669 a
922 1598 1257 1693 judicibus
1284 1598 1675 1689 damnatuS,
1706 1615 1773 1670 et
1799 1625 1839 1670 a
1869 1604 1945 1672 L.
1978 1603 2258 1698 Calpur-

152 1709 242 1778 uio
275 1708 622 1779 triumviro
666 1709 734 1776 in
776 1732 1043 1777 crucem
1084 1719 1271 1776 actus
1308 1720 1423 1776 est.
2217 1786 2218 1789 Ἴ

241 1810 301 1885 3.
337 1819 509 1885 Item
544 1813 777 1884 Fulvio
812 1811 1049 1883 Flacco
1079 1837 1347 1883 causam
1380 1800 1700 1903 dicente‘,
1736 1808 2078 1912 Philippus
2116 1843 2259 1886 ser-

156 1944 254 1991 vus
277 1918 451 2016 ejus,
490 1924 559 1990 in
598 1947 730 2018 quo
761 1934 900 1990 tota
928 1920 1200 2015 quaestio
1228 1921 1595 2007 nitebatur,
1624 1922 1827 1991 octies
1854 1937 2104 2010 tortus,
2128 1923 2264 1993 nul-

154 2027 268 2098 lum
290 2032 565 2099 omnino
593 2029 871 2098 verbum
885 2082 904 2115 ‚
926 2054 1058 2122 quo
1079 2025 1386 2096 dominus
1409 2030 1995 2123 perstringeretur,
2014 2031 2260 2117 emisit3

154 2150 209 2203 a
238 2150 457 2205 tamen
497 2160 650 2204 reus
692 2133 1041 2204 damnatus
1085 2147 1225 2222 est;
1261 2159 1466 2229 quum
1511 2136 1755 2205 certius
1795 2152 2261 2232 argumentum

153 2244 520 2315 innocentiae
565 2266 738 2316 unus
771 2243 974 2312 octies
1006 2256 1219 2311 tortus
1248 2239 1622 2328 exhiberet,
1655 2267 1852 2336 quam
1882 2257 2035 2312 octo
2065 2243 2263 2313 semel

155 2352 288 2418 torti
324 2350 785 2445 praebuissent.

160 2540 466 2592 another-ils
499 2554 670 2613 usque
698 2538 766 2593 ad
795 2541 859 2593 A.
895 2540 964 2593 U.
1010 2539 1155 2606 6053

158 2619 324 2675 deinde
340 2626 585 2693 perpetuis
602 2634 657 2674 et
670 2622 902 2692 publicis,
926 2620 1015 2674 alii
1036 2633 1156 2691 ege-

160 2715 280 2754 runt.
327 2702 435 2755 Hic
479 2702 793 2774 intelligitur
835 2720 895 2754 ea
938 2701 1159 2773 quaestio

158 2779 390 2850 iudicialis
412 2819 432 2850 ‚
484 2797 604 2854 quo
655 2782 816 2835 fiebat
863 2777 1160 2853 torquendo

158 2875 326 2916 m.

228 2961 267 2995 ι.
311 2944 619 3014 Argenteo-ii.
666 2942 990 3012 Argentarius
1028 2941 1066 2995 i.
1104 2959 1160 3012 q.

160 3025 451 3085 mensurius,
483 3024 794 3088 soenerator,
825 3021 916 3093 qui
945 3041 1054 3074 non
1077 3040 1163 3074 so·

161 3102 253 3155 hun
290 3103 532 3176 pecunia}
576 3101 795 3166 foenori,
832 3100 925 3155 sed
953 3116 1006 3155 et
1035 3120 1163 3154 ven·

162 3178 323 3236 ciendis
358 3181 684 3254 quibusdam
720 3182 910 3248 rebus,
950 3195 1010 3234 ut
1049 3181 1164 3234 auri

164 3264 444 3335 argentique
462 3262 755 3335 speciebus,
772 3263 1008 3315 nummis
1023 3274 1164 3315 vete·

164 3342 315 3408 ribus,
331 3345 469 3397 vasis
486 3342 679 3396 calatis
695 3342 1020 3413 gemmisque
1037 3360 1165 3413 ope-

164 3440 257 3475 ram
288 3422 465 3476 dabat.
501 3421 630 3475 Vid.
667 3422 943 3492 Sigonium
974 3420 1041 3474 de
1071 3439 1165 3474 nn-

165 3502 243 3574 tiq.
267 3506 370 3575 jur.
402 3503 509 3556 civ,
541 3521 678 3556 rom.
711 3503 799 3567 11,
839 3520 926 3555 η.

232 3602 282 3638 2.
309 3584 541 3637 Deditus.
573 3584 714 3654 Lege
743 3582 888 3634 enim
916 3594 1129 3635 cautum
1149 3619 1165 3645 ,

166 3675 215 3714 ut
234 3665 365 3716 servi
393 3663 545 3717 noxii
570 3660 907 3715 dederentur.

234 3746 281 3796 3.
310 3745 513 3795 Dameam
532 3744 688 3795 rede‘it.
709 3743 986 3808 Quantum
1007 3738 1168 3792 debe-

168 3839 266 3876 mus
276 3837 581 3876 nom-orum
596 3835 899 3894 temporum
914 3819 1169 3884 felicitati,

170 3916 217 3954 ut
240 3903 337 3956 hoc
365 3917 471 3955 nm
491 3923 682 3974 anceps
705 3902 942 3955 veritatis
966 3898 1170 3971 experi-

169 3996 387 4036 mentum
404 3985 770 4055 abrogaretur,
784 4001 890 4054 quo
908 3998 1045 4051 saepe
1062 3980 1167 4032 fac-

171 4073 264 4115 tum
279 4103 297 4133 ,
313 4077 374 4116 ut
398 4062 647 4118 dolorum
671 4063 949 4134 impatiens
968 4059 1170 4130 suppli·

1241 2539 1328 2591 oio
1351 2537 1620 2590 imma-ito
1642 2534 1957 2593 adficeretur
1971 2575 1988 2605 ‚
2022 2552 2075 2592 et
2098 2535 2266 2595 dnm«

1243 2629 1297 2672 et
1318 2620 1565 2672 robustus
1591 2620 1788 2673 nebulo
1803 2623 1945 2691 jum
1966 2639 2122 2693 poena
2135 2621 2268 2676 libe-

1243 2711 1467 2752 raretur.

1328 2785 1381 2844 4.
1415 2779 1634 2831 Dicente.
1661 2771 1907 2833 Flaccum
1936 2800 1968 2835 a
1993 2779 2157 2835 Laelio
2181 2801 2267 2836 ac-

1244 2872 1483 2912 cusatum
1531 2857 1803 2931 peculatus
1851 2874 1904 2914 et
1949 2862 2269 2933 repet-unda-

1246 2959 1366 2994 rum
1388 2978 1406 3005 ,
1452 2941 1648 2994 Cicero
1690 2938 1946 2994 defendit.
1985 2944 2271 2997 Accusatus

1246 3033 1325 3073 est
1355 3021 1494 3074 inter
1516 3020 1618 3072 alia
1644 3036 1657 3072 ι
1687 3019 1834 3091 quod
1860 3021 2034 3074 classis
2053 3023 2271 3077 nomine

1248 3101 1527 3172 pecuniam
1578 3097 1877 3156 civitatibus
1935 3100 2272 3173 imperasset3

1249 3179 1396 3252 quod
1406 3179 1831 3233 Heracliensibus
1839 3179 2140 3253 pecuniam,
2156 3199 2277 3255 qun

1248 3258 1393 3331 apud
1409 3259 1585 3330 ipsum
1599 3259 1771 3313 Flacci
1785 3262 1950 3331 patris
1962 3262 2042 3313 sui
2059 3266 2275 3317 nomine

1247 3352 1361 3392 erat
1379 3377 1395 3404 ‚
1423 3339 1750 3404 abmilissct3
1768 3339 1914 3411 quod
1932 3341 2193 3397 Falcidius
2212 3346 2276 3398 L.

1251 3420 1446 3472 talenta
1484 3436 1538 3472 se
1584 3419 1771 3472 Flacco
1799 3419 2007 3474 dedisse
2045 3421 2274 3477 dicebat.

1251 3532 1332 3542 -
1363 3499 1598 3569 Quaestio.
1636 3499 1853 3569 Quoesu‘o
1878 3499 2023 3554 aliud
2055 3502 2143 3556 hic
2168 3515 2276 3570 eet,

1251 3597 1410 3652 quum
1436 3579 1593 3632 initio
1616 3579 1819 3651 capitis.
1835 3581 1922 3634 lbi
1943 3582 2087 3634 enim
2107 3602 2278 3653 quou-

1250 3660 1447 3725 tiones,
1477 3675 1598 3731 quae
1628 3678 1725 3732 per
1754 3672 2014 3714 torturam
2039 3661 2178 3714 fiunt
2206 3664 2278 3715 si..

1251 3739 1569 3810 gnificantur
1594 3756 1607 3791 ι
1635 3736 1724 3793 hic
1742 3759 1869 3793 vero
1890 3742 2107 3812 quaestio
2132 3740 2278 3797 idem

1253 3817 1399 3890 quod
1414 3818 1668 3889 judicium,
1698 3819 1824 3873 Vid.
1852 3841 1996 3892 supr.
2027 3822 2190 3884 VIII,
2223 3843 2278 3886 a,

1255 3900 1321 3951 ab
1340 3899 1457 3951 init.
1478 3933 1558 3941 —
1583 3901 2006 3970 Pet-stringeretur.
2039 3900 2277 3955 Laedere-

1256 3990 1360 4031 tur.
1404 3977 1535 4032 Vid.
1566 3997 1710 4051 supr.
1748 3979 1955 4045 V1,-8,
2002 3999 2050 4034 1.
2084 3984 2274 4055 Copes.

1258 4059 1670 4128 adm-ingeretur,
1704 4061 1879 4114 minus
1908 4061 2058 4115 bene.
