3143 5204
425 514 637 581 CAP.
696 514 936 598 VIII,
988 514 1123 581 DE
1179 514 1480 583 RATIS
1526 517 1978 585 TESTAM.
2173 518 2264 588 53

762 743 1264 833 CAPUT
1353 743 1666 833 VIII.

571 978 682 1043 De
721 981 896 1044 ratis
926 981 1349 1044 testamentis
1373 991 1444 1044 et
1468 982 1851 1072 insperatis.

174 1199 208 1229 ι.
227 1182 483 1244 Sempronii
501 1182 739 1235 Tuditani.
762 1209 824 1218 —
841 1196 883 1228 a.
903 1182 1135 1231 Ali-bucin.
1156 1208 1215 1218 —
1231 1183 1277 1229 3.
1299 1185 1362 1240 Q.
1382 1182 1580 1230 Metelli.
1596 1211 1658 1220 —
1672 1193 1715 1240 4.
1735 1187 1907 1231 fratris
1926 1188 2133 1248 Pompeii
2154 1189 2278 1235 Rhe·

219 1262 318 1323 gini.
348 1287 410 1296 —
432 1261 483 1307 5.
506 1263 568 1319 Q.
592 1261 781 1308 0001111.
807 1286 869 1297 -
891 1258 941 1308 6.
968 1263 1021 1307 T.
1051 1261 1207 1306 Marii.
1239 1287 1301 1296 —
1336 1276 1378 1320 7.
1406 1263 1458 1307 1..
1487 1262 1665 1308 Valerii
1691 1265 2022 1325 Heptachordi.
2054 1292 2116 1301 —
2152 1268 2197 1312 8.
2223 1268 2275 1311 T.

222 1341 412 1387 umuli.
435 1366 501 1376 —
524 1355 572 1403 9.
592 1341 659 1387 M.
679 1340 862 1402 Popilii.

257 1541 375 1609 His
401 1541 828 1610 rescissorum
857 1554 1402 1609 testamentorum
1422 1539 1737 1636 exemplis
1767 1545 2060 1612 contenti
2087 1546 2279 1613 attin-

168 1670 380 1739 gamus
427 1670 546 1733 ea,
583 1670 727 1741 quae
771 1660 915 1716 rata
957 1660 1382 1734 manserunt,
1418 1671 1622 1740 quum
1661 1671 1891 1717 causas
1929 1649 2281 1736 haberent,

169 1767 424 1847 propter
460 1749 639 1846 quas‘
664 1753 945 1823 rescindi
982 1768 1268 1848 possent.

269 1907 323 1951 1.
354 1884 582 1972 Quam
616 1898 844 1970 certae,
876 1907 1074 1979 quam
1102 1886 1302 1953 etiam
1334 1900 1507 1954 notae
1545 1886 1812 1957 insaniae'
1845 1887 2286 1957 Tuditanus¹?

169 2003 382 2083 utpote
412 1992 527 2082 qui
558 1989 807 2084 populo
836 2015 1142 2060 nummos
1170 1993 1514 2086 sparserit,
1545 2006 1900 2089 togamque
1935 1992 2117 2063 velut
2150 2010 2282 2064 tra-

170 2097 364 2189 gicam
397 2111 649 2165 vestem
682 2099 749 2164 in
775 2096 922 2166 foro
952 2098 1219 2167 trahens
1233 2100 1563 2185 ‚'maximo
1595 2125 1747 2168 cum
1773 2101 2119 2169 hominum
2148 2104 2282 2171 risu

170 2218 548 2298 conspectus
581 2202 810 2290 fuerit,
838 2227 916 2271 ac
949 2202 1154 2272 multa
1184 2206 1284 2274 his
1315 2219 1756 2274 consentanea
1794 2207 2041 2275 fecerit.
2061 2211 2284 2277 Testa·

172 2324 380 2378 mento
404 2308 424 2333 ²
458 2308 669 2378 filium
708 2311 988 2378 instituit
1026 2311 1337 2381 heredem
1376 2338 1393 2379 ε
1430 2311 1610 2406 quod
1645 2315 1740 2380 Ti.
1784 2315 2086 2407 LonguS‚
2128 2338 2285 2383 san-

246 2533 287 2566 ι.
326 2515 617 2569 Tuditanus.
639 2513 767 2569 vid.
796 2515 908 2569 Cic.
937 2515 1172 2587 Philipp.

169 2593 265 2657 111,
295 2599 362 2662 6;
389 2593 639 2650 Academ.
668 2597 770 2661 IV,
802 2596 903 2661 283
939 2596 1173 2649 Laetam.

170 2673 269 2736 111,
315 2677 387 2729 23
409 2714 426 2742 ,
472 2695 526 2746 7.
570 2677 717 2729 Inter
756 2675 857 2729 alia
899 2673 1177 2729 dementiae

171 2753 411 2809 Tuditani
446 2756 597 2827 signa
625 2769 677 2809 et
706 2754 840 2809 illud
872 2756 1001 2820 fuit,
1031 2755 1177 2827 quod

171 2834 608 2903 quemadmodum
633 2837 688 2889 in
707 2834 970 2908 tragmdiis
991 2835 1175 2896 fiebat,

173 2932 327 2984 syrma
357 2929 497 2988 toga
523 2917 580 2969 in
603 2917 724 2970 foro
753 2916 927 2968 traxit.
956 2916 1180 2969 Furioso

174 3004 219 3044 et
244 2999 409 3049 besano
435 2997 675 3068 alioquin
703 2996 883 3050 testari
912 3014 1023 3049 non
1054 2996 1180 3050 lice·

175 3073 263 3127 het.

245 3176 291 3207 2.
318 3157 622 3208 Testamenta
625 3155 807 3226 fillum
829 3156 979 3210 Hanc
996 3156 1182 3210 lectio·

178 3251 446 3306 nem‚quae
472 3237 531 3288 in
548 3235 671 3289 edd.
699 3249 827 3289 vett.
858 3249 910 3289 et
934 3236 1182 3290 omnibus

1263 2517 1401 2570 nihil
1434 2534 1536 2587 pro
1573 2516 1725 2568 solita
1766 2514 1987 2567 stultitia
2019 2517 2143 2586 egit.
2174 2516 2296 2569 Nee

1265 2596 1511 2652 Valerius
1543 2609 1723 2649 noster
1753 2593 2290 2666 improbarevidetm·

1263 2676 1520 2731 Tuditani
1532 2688 1902 2731 testamentum
1913 2714 1930 2741 ,
1945 2688 2005 2729 ut
2020 2695 2090 2730 ex
2101 2677 2289 2748 primis

1263 2757 1439 2812 vet-his
1478 2757 1745 2830 sequentis
1777 2755 2003 2827 exempli
2038 2769 2283 2829 apparet;

1266 2839 1341 2891 ihi
1371 2838 1513 2890 enim
1547 2837 1777 2910 opponit
1805 2837 1944 2889 inter
1983 2855 2040 2889 se
2069 2836 2285 2889 demeu-

1266 2932 1374 2971 tem
1411 2916 1664 2972 Tuditani
1716 2917 1878 2968 vitam
1895 2953 1912 2978 ‚
1955 2929 2010 2969 et
2053 2916 2289 2971 AEbucia

1269 2999 1456 3051 tabulas
1475 3001 1742 3050 testamenti
1755 2996 1924 3066 plenas
1931 2998 2136 3063 fut-ons
2164 2996 2290 3050 Haec

1268 3091 1443 3132 tamen
1463 3079 1684 3132 alteram
1703 3076 1868 3129 filiam
1898 3075 2148 3128 heredem
2168 3077 2294 3129 scri·

1267 3172 1459 3230 pseu-at.
1485 3159 1566 3211 Ita
1596 3156 1727 3229 qnid
1756 3168 2003 3226 putamus
2016 3156 2289 3209 Valerium

1270 3238 1338 3291 de
1351 3236 1624 3291 Tuditano
1644 3235 1913 3289 dictus-tun
1932 3236 2090 3288 fuisse
2104 3274 2120 3302 ‚
2139 3237 2181 3289 si
2196 3255 2291 3288 aon

179 3312 309 3367 MSS.
335 3328 537 3381 exstat,
559 3317 803 3388 Kappius
824 3318 1114 3382 revocavit,
1131 3330 1187 3370 et
1257 3318 1443 3390 filium,
1481 3316 1576 3371 sed
1610 3315 1838 3387 Ofilium,
1868 3316 2138 3369 hominem
2166 3316 2294 3369 alie-

176 3397 518 3465 conjecturam
562 3396 728 3468 Lipsii
744 3435 760 3457 ,
805 3415 965 3468 quam
1007 3398 1185 3451 Coler.

180 3472 342 3528 Vorst.
371 3489 424 3528 et
456 3476 683 3528 Torren.
715 3490 1025 3547 acceperant
1043 3514 1059 3541 ,
1090 3495 1185 3528 ne·

178 3552 337 3620 glexit.
351 3557 634 3627 Ingeniosa
649 3555 865 3627 quidem
880 3556 1047 3628 Lipsii
1063 3575 1188 3608 con·

176 3634 392 3701 jectum,
413 3655 513 3688 nec
539 3654 736 3689 nomen
760 3635 907 3705 Ofilii
925 3636 1182 3707 ignotum.

179 3711 271 3765 Sed
293 3717 379 3784 qui
397 3715 737 3768 Perizonium
757 3714 824 3769 ad
842 3717 988 3770 hunc
1009 3717 1186 3769 locum

180 3805 225 3843 et
247 3794 301 3844 in
320 3792 440 3848 diss.
471 3794 541 3848 de
567 3796 681 3867 lege
699 3796 943 3849 Voconia
969 3796 1156 3866 legerit
1170 3833 1186 3861 ‚

181 3871 218 3922 is
244 3887 380 3926 certe
406 3873 476 3927 de
506 3875 728 3928 veritate
767 3876 1009 3928 lectionis
1031 3875 1189 3942 silicam

181 3950 259 4002 vix
297 3949 590 4019 dubitabit,
627 3969 680 4007 et
726 3954 942 4026 Ofidium
982 3953 1050 4007 de
1081 3974 1189 4026 quo

182 4049 284 4083 non
311 4034 553 4103 cogitavit
581 4033 909 4101 Tuditanus,
938 4035 1052 4087 sine
1081 4036 1188 4087 1ιο-

183 4110 413 4167 titutione
433 4114 623 4186 ejiciet.
654 4113 982 4180 Tuditanus,
1004 4112 1190 4168 caetera

186 4190 381 4247 insanin
398 4234 414 4257 ,
450 4197 504 4248 in
550 4194 833 4249 condendo
877 4208 1188 4250 testamento

1271 3418 1401 3451 num
1420 3436 1439 3462 ‚
1468 3395 1717 3450 heredem
1750 3396 2037 3468 scripsisset
2075 3408 2128 3449 et
2170 3415 2292 3448 suos

1272 3475 1669 3532 exheredasset?
1684 3473 2006 3547 Sed,inquis‚
2023 3474 2293 3528 siTudita·

1274 3577 1374 3612 nus
1399 3558 1571 3610 filium
1599 3553 1851 3609 heredem
1881 3555 2089 3627 scripsit
2108 3596 2124 3618 ,
2165 3574 2292 3620 cur,

1275 3656 1484 3709 quase,
1511 3636 1636 3689 Tib.
1678 3637 1893 3706 Longus
1927 3647 2295 3689 testamentum

1275 3730 1517 3770 evertere
1540 3715 1741 3779 voluit,
1764 3734 1931 3786 quum
1958 3728 2133 3767 tamen
2164 3716 2296 3767 scire

1277 3796 1526 3859 deberet,
1555 3794 1902 3849 hereditatem
1927 3793 1996 3846 ad
2023 3812 2080 3846 se
2108 3812 2287 3866 peu-ve.

1278 3877 1394 3931 nire
1430 3896 1538 3931 non
1575 3875 1766 3947 posse?
1801 3876 1975 3945 Kapp.
2012 3872 2304 3945 respondet

1278 3977 1399 4011 cum
1431 3956 1713 4010 Perizonio
1735 3973 1749 4007 ε
1777 3967 1868 4007 aut
1892 3956 2054 4007 iratus
2075 3954 2178 4006 fuit
2201 3954 2300 4005 ho-

1279 4038 1408 4090 mini
1431 4070 1448 4098 ‚
1478 4051 1567 4090 aut
1590 4038 1703 4107 ipse
1727 4037 1958 4104 legatum
1979 4046 2305 4105 exspectave-

1278 4130 1361 4170 rat
1380 4155 1397 4180 ‚
1428 4130 1518 4170 aut
1548 4114 1696 4169 aliud
1726 4114 1994 4185 antiquius
2024 4125 2304 4167 testamen-

1277 4210 1392 4250 tum
1405 4216 1504 4268 pro
1519 4196 1807 4251 sehabebat
1821 4216 1835 4257 ς
1849 4212 2022 4265 neque
2035 4206 2308 4246 testamen-

1827 4287 1916 4388 4.
