3143 5204
797 501 934 587 154
1134 505 1576 571 VALERII
1634 504 2058 571 MAXIMl
2114 506 2302 572 LIB.
2359 506 2490 573 IX.

781 659 986 728 quum
1024 633 1264 702 inferre
1296 632 1467 719 vult,
1517 635 1797 729 patitur,
1849 657 2070 703 amara
2110 633 2585 723 sollicitudine,
2641 664 2724 707 ne
2770 667 2908 710 non

781 743 1123 833 contingat
1149 738 1343 825 ultio,
1381 743 1646 822 anxius;
1680 740 1791 807 sed
1823 741 2241 834 proprietatis
2270 767 2499 810 eorum
2530 748 2910 816 certissimae

783 861 936 916 sunt
970 848 1325 949 imagines,
1364 871 1525 940 quas
1575 846 1663 914 dii
1712 847 1833 940 ipsi
1871 849 1936 912 in
1978 845 2169 915 claris
2208 851 2542 941 personiS,
2583 866 2698 919 aut
2727 852 2909 922 dicto

779 952 1032 1047 aliqu0‚
1072 968 1185 1021 aut
1226 953 1402 1021 facto
1440 952 1916 1020 vehementiori
1955 955 2245 1047 conspici
2286 954 2657 1024 voluerunt.

898 1109 953 1153 1.
986 1086 1214 1173 Quum
1247 1084 1560 1154 adversus
1593 1081 2075 1153 Hasdrubalem
2107 1087 2333 1155 Livius
2369 1086 2695 1156 Salinator
2715 1087 2731 1111 ¹
2763 1088 2902 1158 bel-

780 1191 916 1260 lum
954 1207 1256 1285 gesturus
1287 1192 1451 1260 urbe
1488 1192 1942 1286 egrederetur,
1982 1206 2292 1261 monente
2328 1194 2527 1262 Fabio
2569 1195 2906 1284 Maximo,

777 1324 861 1367 ne
898 1313 1050 1367 ante
1092 1299 1519 1367 descenderet
1573 1300 1638 1365 in
1683 1299 1927 1385 aciem,
1978 1323 2173 1391 quam
2208 1299 2497 1368 hostium
2541 1302 2714 1369 vires
2751 1304 2904 1370 ani-

781 1431 1093 1498 mumque
1125 1418 1589 1499 cognosceret,
1625 1405 1904 1499 primam
1943 1407 2352 1473 occasionem
2392 1407 2729 1501 pugnandi
2766 1435 2905 1476 non

780 1514 1176 1580 omissurum
1216 1537 1283 1579 se
1311 1511 1683 1606 respondit;
1714 1513 2283 1607 interrogatusque
2318 1514 2400 1580 ab
2438 1513 2702 1600 eodem,
2738 1518 2916 1608 quid

776 1624 880 1686 ita
921 1634 1062 1686 tam
1082 1619 1517 1709 festinanter
1557 1641 1831 1685 manum
1870 1642 2218 1686 conserere
2252 1621 2457 1688 vellet
2473 1620 2511 1687 Ρ
2561 1622 2648 1688 Ut
2690 1646 2903 1714 quam

776 1726 1117 1792 celerrime
1131 1778 1150 1809 ,
1184 1726 1395 1818 inquit
1411 1778 1429 1811 ,
1460 1739 1589 1792 aut
1605 1726 1902 1818 gloriam
1934 1750 2026 1793 ex
2054 1724 2356 1794 hostibus
2389 1731 2588 1794 ὐἰειιζς
2599 1779 2622 1811 ,
2660 1743 2789 1794 aut
2812 1754 2907 1796 ex

776 1830 1024 1898 civibus
1040 1836 1417 1926 prostratis
1441 1830 1773 1925 gaudium
1803 1828 2101 1925 capiam.
2128 1834 2237 1900 Ira
2276 1847 2433 1900 tunc
2470 1846 2666 1925 atque
2692 1835 2904 1902 virtus

776 1962 1162 2006 sermonem
1193 1939 1331 2031 ejus
1374 1940 1545 2006 inter
1587 1962 1655 2005 se
1698 1937 2064 2005 diviserunt
2106 1963 2120 2004 τ
2181 1936 2290 2006 illa
2328 1941 2583 2032 injustae
2619 1937 2902 2006 damna-

777 2042 1005 2112 tionis²
1051 2070 1328 2130 memor,
1367 2043 1510 2113 haec
1547 2042 1866 2137 triumphi
1908 2041 2130 2137 gloriae
2172 2046 2457 2131 intenta3
2490 2044 2602 2112 sed
2641 2049 2901 2130 nesci0‚

719 2184 726 2191 ·
768 2175 856 2218 an
891 2150 1182 2244 ejusdem
1227 2150 1425 2219 fuerit
1458 2150 1587 2218 hoc
1631 2149 1883 2235 dicere,
1921 2165 1986 2217 et
2023 2152 2112 2219 sic
2150 2135 2172 2172 ³
2194 2152 2475 2219 vincere.

883 2310 946 2351 2.
998 2283 1306 2352 Ardentis
1348 2284 1616 2377 spiritus
1645 2284 1900 2369 virum,
1947 2296 2015 2350 et
2054 2280 2299 2351 bellicis
2332 2284 2642 2378 operibus
2678 2311 2897 2355 assue-

772 2405 952 2475 tum,
989 2391 1120 2458 huc
1156 2390 1508 2459 iracundiae
1549 2387 1794 2458 stimuli
1830 2403 2144 2481 egerunt3
2189 2392 2263 2457 C.
2297 2406 2517 2458 autem
2552 2377 2900 2486 “Figulum

771 2499 1400 2583 mansuetissimum,
1429 2510 1664 2588 pacato
1680 2496 1847 2586 juris
1865 2494 2074 2563 civilis
2091 2495 2338 2587 judicio
2364 2495 2865 2566 celeberrimum
2881 2552 2900 2585 ,

769 2602 1132 2697 prudentiae
1156 2602 1753 2694 moderationisque
1777 2602 2230 2670 immemorem
2257 2602 2700 2672 reddiderunt.
2729 2608 2903 2673 Con-

769 2708 1019 2778 sulatus
1058 2711 1231 2777 enim
1269 2706 1545 2802 repulsae
1584 2705 1811 2775 dolore
1847 2731 2162 2776 accensus
2184 2763 2202 2796 ,
2241 2733 2327 2808 eo¹
2354 2710 2617 2802 quidem
2650 2714 2900 2805 magis,

769 2815 950 2909 quod
985 2813 1166 2883 illuni
1201 2815 1300 2883 bis
1331 2816 1501 2907 patri
1535 2839 1656 2882 suo
1686 2813 1913 2880 datum
1946 2816 2365 2902 meminerat,
2400 2842 2601 2909 quum
2631 2818 2713 2884 ad
2743 2843 2897 2885 eum

771 2937 1034 3016 postero
1069 2921 1486 2990 comitiorum
1528 2918 1631 2988 die
1665 2919 1853 2987 multi
1893 2919 2276 2989 consulendi
2307 2947 2505 2989 causa
2532 2925 2897 3010 venissent,

768 3053 996 3096 omnes
1036 3027 1317 3114 dimisit,
1361 3025 1671 3120 praefatus
1693 3080 1711 3110 ,
1750 3028 2001 3095 Omnes
2035 3015 2419 3096 consulere⁵
2463 3035 2686 3114 scith,
2735 3055 2897 3099 con-

761 3137 976 3203 sulem
992 3135 1256 3224 facere
1289 3137 1580 3202 nescitis.
1637 3134 1906 3201 Dictum
1946 3135 2237 3226 graviter
2257 3188 2275 3219 ,
2328 3149 2395 3203 et
2449 3137 2721 3220 merit05
2780 3139 2895 3205 sed

760 3366 894 3418 dum
907 3367 1156 3429 feramur,
1168 3362 1259 3416 sed
1274 3377 1326 3416 et
1339 3355 1589 3434 noszipsos
1602 3380 1787 3415 consu·
1956 3362 2010 3412 3.
2049 3362 2267 3415 Vincere.
2291 3365 2494 3416 Eximia
2521 3366 2663 3417 enim
2695 3366 2897 3419 virtute

765 3464 967 3499 mamus
983 3485 998 3508 ,
1026 3458 1078 3497 et
1100 3446 1384 3496 humanam
1405 3457 1648 3496 naturam
1672 3443 1784 3513 pla·
1872 3440 2253 3495 Hasdrubalem
2281 3463 2401 3497 cum
2433 3445 2528 3496 Lx
2554 3446 2788 3498 millibus
2815 3467 2897 3499 ce·

766 3546 834 3579 ne
855 3524 1279 3578 dehonestemus.
1872 3519 2030 3587 cidit;
2060 3522 2150 3574 sed
2192 3524 2383 3575 civium
2417 3523 2602 3576 odium
2634 3526 2736 3578 hoc
2776 3527 2895 3578 viro

854 3625 902 3658 1.
942 3604 1210 3657 Salinator.
1252 3605 1350 3655 An.
1385 3603 1454 3655 U.
1500 3604 1630 3663 548.
1665 3603 1780 3654 Liv.
1872 3600 2169 3672 indignum.

765 3686 1006 3750 XXVII,
1044 3685 1133 3753 37.
1167 3685 1304 3735 Eum
1331 3701 1470 3734 anno
1499 3682 1639 3733 VIII
1664 3695 1785 3753 post
1956 3688 2006 3743 4.
2054 3682 2111 3734 C.
2140 3683 2382 3751 Figulmn.
2405 3685 2544 3734 Ann.
2578 3684 2645 3736 U.
2682 3685 2896 3738 circiter

762 3766 1003 3819 exsilium
1022 3775 1324 3817 revocatum
1346 3763 1619 3815 consulem
1639 3781 1781 3815 crea-
1874 3765 1943 3813 62
1960 3781 2005 3814 1.
2034 3762 2281 3814 vorstius
2307 3764 2575 3815 consulem
2608 3764 2768 3816 fuisse
2798 3783 2893 3817 au-

763 3866 902 3898 vere.
918 3878 998 3887 —
1019 3843 1347 3913 Cogno-sceret.
1376 3843 1592 3914 Pighius
1614 3841 1783 3894 edidit
1870 3854 2039 3893 tumat
2056 3880 2072 3905 ‚
2091 3843 2250 3905 falso3
2273 3842 2363 3894 sed
2386 3844 2489 3895 fnit
2508 3843 2649 3896 filius
2672 3846 2784 3912 ejus
2812 3845 2893 3897 Fi-

762 3938 1022 3995 cognosset.
1060 3925 1257 3975 Contra
1283 3923 1448 3975 libros
1473 3942 1670 3974 omnes.
1868 3920 2009 3991 guli,
2038 3922 2128 3991 qui
2154 3922 2235 3973 bis
2264 3923 2444 3974 consul
2474 3923 2659 3975 fuerat.

846 4024 894 4057 2.
925 4006 1125 4074 Injustae
1154 4003 1489 4055 damnationis.
1509 4004 1635 4054 Post
1650 4021 1778 4054 con·
1952 4001 2002 4054 5.
2031 4000 2300 4053 Consulem.
2323 4004 2491 4054 Lusus
2512 4004 2568 4054 in
2588 4004 2752 4055 verbo
2770 4022 2891 4056 con-

762 4085 988 4136 sulatum
1012 4087 1218 4154 primum
1239 4103 1360 4137 cum
1393 4083 1588 4152 collega
1613 4082 1777 4134 AEmi-
1869 4081 2065 4140 sulere,
2100 4080 2265 4140 unde,
2292 4093 2351 4132 ut
2375 4084 2561 4135 volunt
2587 4085 2887 4153 grammati-

760 4164 900 4216 liano
929 4165 1105 4216 Paulo.
1870 4161 1916 4211 ci
1934 4199 1949 4223 ‚
1981 4160 2152 4213 dictus
2180 4163 2383 4213 consul.
