3143 5204
770 407 916 478 208
1144 406 1679 476 PRAEFATIO
1731 407 2073 475 STEPH.
2132 407 2504 476 PIGHII.

766 554 1104 610 auctorem
1150 538 1605 634 protulerunt;
1646 538 1715 606 id
1758 538 1939 631 quod
1987 563 2069 608 ex
2120 538 2318 631 hujus
2364 537 2713 632 fragmenti
2762 538 2897 608 fine

771 662 1015 716 temere
1055 645 1537 740 deprompsisse
1571 644 1900 713 videntur.
1938 646 2113 714 Nam
2143 644 2210 713 id
2248 647 2462 740 ipsum
2501 644 2896 739 praefatiun-

771 751 935 822 culae
975 752 1390 821 librariorum
1432 751 1679 845 judicio
1715 751 2151 821 diversimode
2188 751 2489 821 confictae
2531 749 2749 846 palam
2789 750 2892 845 fa·

773 861 959 929 ciunt
998 875 1134 927 tam
1177 861 1320 953 ipso
1367 857 1554 945 stilo,
1600 883 1800 952 quam
1848 858 2025 952 quod
2069 856 2376 946 alterius,
2420 873 2495 927 ut
2538 882 2661 927 suo
2696 856 2898 926 modo

776 963 1171 1058 loquuntur,
1209 965 1682 1034 abbreviatoris
1720 966 2120 1034 mentionem
2162 965 2468 1034 afferunt.
2507 967 2638 1032 Eas
2676 977 2897 1031 autem

774 1072 939 1139 duas
983 1072 1050 1138 in
1103 1072 1331 1164 primis
1370 1071 1855 1166 discrepanteS,
1899 1096 2055 1140 mox
2104 1095 2257 1139 cum
2300 1070 2531 1140 eodem
2578 1071 2899 1164 epitomes

776 1177 1148 1271 fragmento
1185 1177 1691 1271 subjungemus3
1730 1178 2031 1271 quamvis
2070 1175 2243 1245 clare
2279 1175 2551 1271 liqueat,
2591 1202 2727 1244 non
2759 1201 2899 1244 esse

776 1283 1023 1351 Valerii
1072 1285 1376 1369 Maximi,
1425 1298 1493 1352 et
1543 1284 1684 1377 ejus
1735 1298 1967 1353 auctor
2009 1308 2209 1352 verus
2245 1283 2462 1353 adhuc
2502 1284 2570 1350 in
2614 1283 2898 1351 obscuro

777 1388 994 1457 lateat.
1034 1391 1344 1458 Attamen
1385 1391 1537 1483 quia
1590 1393 1763 1484 sapit
1799 1391 2254 1485 antiquitatem
2297 1414 2432 1458 non
2476 1388 2898 1476 ineruditam,

776 1510 843 1564 et
884 1493 1286 1564 scholiorum
1326 1494 1473 1566 loco
1513 1494 1819 1565 studiosis
1855 1498 2100 1565 servire
2143 1498 2387 1590 poterit
2419 1494 2504 1563 ad
2541 1494 2783 1589 linguae
2822 1518 2902 1563 ac.

774 1602 1061 1671 historiae
1090 1625 1378 1671 romanae
1405 1603 1880 1696 cognitionem,
1918 1604 2210 1696 ritusque
2238 1616 2492 1670 veteres
2522 1600 2899 1687 discendoS,

775 1708 843 1776 id
883 1710 1098 1803 ipsum
1141 1707 1562 1776 emendatum
1607 1732 1687 1776 ex
1731 1707 1862 1777 fide
1898 1707 2367 1803 exemplarium
2408 1708 2899 1801 manuscripto-

779 1838 928 1882 rum
950 1867 969 1900 ,
1025 1815 1195 1882 sicut
1245 1829 1397 1882 ante
1445 1813 1712 1907 Valerio
1764 1817 2060 1883 Maximo
2123 1814 2250 1882 fuit
2302 1838 2630 1883 annexum
2650 1867 2672 1900 ,
2721 1836 2900 1881 nunc

780 1921 993 1988 visum
1032 1934 1131 1988 est
1170 1917 1472 1989 Plautino
1518 1935 1746 1989 nostro
1789 1920 1978 1989 simul
2028 1946 2177 1989 cum
2223 1920 2456 1989 eodem
2503 1919 2671 1989 libro
2713 1944 2897 1989 recu-

781 2027 937 2094 dere
971 2041 1039 2095 et
1063 2025 1416 2121 publicare.
1439 2025 1626 2097 Vale.
1647 2027 1908 2096 Vienna
1945 2028 2253 2112 Austriae,
2290 2026 2504 2095 idibus
2533 2026 2862 2096 Januariis
2880 2078 2898 2114 ,

777 2157 952 2202 anno
986 2131 1208 2203 salutis
1244 2147 1484 2203 nostrae
1516 2156 1863 2203 aninumr.
