3143 5204
695 500 828 566 DE
884 499 1410 567 NOMINUM
1464 501 1959 570 RATIONE.

2235 530 2372 575 221

267 630 374 700 nia
418 628 743 700 celebrata
780 645 896 700 est.
940 634 1173 699 Fertur
1212 633 1419 717 enim,
1464 632 1690 701 Gaiam
1738 633 2068 703 Caeciliam
2110 637 2383 731 Tarqui-

265 736 357 803 nii
388 736 592 805 Prisci
629 739 800 830 regis
836 762 1109 806 uxorem
1141 740 1456 832 optimam
1496 737 1821 808 lanificam
1862 739 2097 809 fuisse:
2135 756 2203 810 et
2235 744 2383 812 ideo

262 842 636 915 institutum
671 867 845 932 esse,
882 857 957 913 ut
984 867 1173 913 novae
1211 859 1432 938 nuptae
1462 859 1615 913 ante
1643 845 1915 938 januam
1944 848 2161 916 mariti
2195 850 2386 918 inter-

262 963 552 1042 rogatae,
604 973 901 1043 quaenam
957 964 1390 1037 vocarentur,
1450 952 1679 1021 Gaiam
1699 950 1715 975 ¹
1776 976 1914 1022 esse
1973 978 2041 1022 se
2095 953 2389 1025 dicerent

265 1054 344 1121 C.
385 1056 557 1123 Titii.

259 1231 397 1272 tasse
416 1220 591 1272 Mania
611 1220 701 1275 hic
725 1219 1004 1291 legendum
1027 1221 1154 1286 erit,
1185 1239 1283 1291 pro

261 1300 464 1353 Μαι-ω.

351 1398 373 1432 1
387 1420 400 1432 .
425 1379 597 1433 Caium
618 1400 716 1431 esse
726 1400 777 1432 se
801 1379 1027 1432 dicerent.
1051 1380 1115 1431 In
1134 1378 1286 1432 Cam·

259 1458 410 1530 pensi
442 1459 546 1524 ita,
578 1458 749 1512 Gaiam
778 1479 875 1511 esse
903 1480 954 1511 se
981 1460 1188 1511 dicerene
1218 1459 1279 1513 C.

268 1541 406 1593 Titii.
435 1536 641 1591 Deinde
667 1539 934 1610 sequitur:
964 1539 1106 1591 Finit
1130 1542 1279 1609 epito-

260 1638 339 1669 ma
363 1618 424 1669 de
447 1619 711 1670 nominibus
735 1620 1035 1670 historiarum
1062 1631 1111 1669 et
1131 1639 1282 1671 exem·

249 1700 443 1768 plorum
468 1699 803 1750 Romanorum.
835 1696 981 1763 Quid
1010 1710 1185 1751 autem
1211 1716 1278 1751 ex

259 1778 344 1830 his
391 1778 567 1848 colligi
613 1780 776 1849 possit
793 1816 810 1844 ,
852 1776 1066 1830 videant
1115 1776 1275 1831 docti.

257 1858 397 1910 Mihi
427 1856 640 1928 quidem
678 1857 905 1928 suspicio
941 1856 1185 1910 oboritur
1213 1858 1277 1909 li-

257 1937 462 1990 brarios
489 1935 742 2008 quosdam
769 1950 965 1989 temere
990 1937 1102 1989 haec
1126 1937 1278 1990 aliter

257 2016 554 2069 distinxisse
580 2016 683 2069 hoc
711 2015 898 2081 modo,
929 2015 989 2069 C.
1020 2018 1143 2069 Titii
1150 2014 1277 2085 finit

256 2101 487 2168 epitoma,
519 2109 618 2149 etc.
640 2107 796 2167 atque
816 2094 944 2148 inde
967 2096 1275 2167 opinionem

256 2189 434 2229 natam
482 2178 545 2230 C.
590 2176 795 2229 Titium
847 2189 1115 2228 auctorem
1167 2194 1277 2227 esse

253 2255 417 2326 hujus
438 2257 725 2327 epitomeS,
751 2256 886 2308 sicut
917 2273 1059 2307 nunc
1086 2254 1142 2306 in
1175 2255 1277 2307 im·

256 2337 447 2406 pressis
459 2335 842 2407 exemplaribus
852 2332 1118 2405 proditur.
1136 2334 1273 2386 Prai-

255 2416 541 2473 fatiuncula
578 2427 783 2479 tamen,
836 2415 957 2466 licet
996 2432 1026 2466 a
1054 2411 1275 2467 diversis

254 2493 607 2549 diversimode
644 2494 924 2559 fabricata,
951 2493 1143 2546 nullibi
1171 2494 1274 2546 hoc

255 2573 483 2642 indicat;
527 2573 619 2628 sed
656 2575 708 2626 in
737 2571 1053 2645 quibusdam
1078 2571 1277 2627 codici-

252 2657 356 2707 bus
374 2692 392 2716 ‚
435 2669 493 2708 ut
522 2653 661 2719 dixi,
698 2655 872 2707 Julius
910 2654 1057 2707 Paris
1088 2654 1274 2707 abbre-

252 2735 425 2788 viator
454 2733 635 2788 decem
659 2734 917 2786 librorum
945 2733 1149 2798 Valerii
1175 2752 1273 2786 no·

252 2815 512 2880 minatur,
548 2833 775 2886 quorum
814 2812 1007 2866 decimi
1043 2814 1274 2884 epitome

251 2894 367 2948 baec
404 2908 483 2948 est
510 2893 580 2947 de
612 2894 890 2947 nominum
921 2893 1142 2946 ratione.
1169 2891 1273 2946 Sed

249 2977 404 3045 cujus
431 2993 606 3046 quaeso
629 2972 869 3027 Valerii?
899 2991 1022 3025 nam
1059 2971 1127 3025 ad
1155 2973 1272 3025 Ma·-

251 3054 383 3106 ximi
422 3065 787 3124 argumentum
828 3070 897 3105 ne
927 3065 1125 3122 puncto
1154 3054 1272 3123 qui·

250 3133 377 3186 dem
396 3152 503 3187 uno
520 3132 735 3188 accedit.
755 3134 938 3202 Itaque
954 3131 1166 3184 videtur
1181 3151 1275 3203 po-

251 3215 360 3267 tius
390 3233 498 3267 esse
541 3213 757 3266 alterius
786 3205 1004 3282 alicujus
1030 3212 1268 3270 Veteris,

248 3296 343 3366 qui
367 3292 548 3347 decem
569 3294 732 3346 libros
749 3310 857 3344 non
878 3291 1239 3362 exemplorum
1253 3329 1270 3357 ‚

248 3373 345 3427 sed
382 3371 450 3426 de
472 3374 650 3445 lingua
682 3372 843 3425 latina
873 3370 1115 3441 scripsit,
1139 3389 1273 3441 quos

247 3454 425 3506 Julius
455 3454 599 3506 Paris
630 3453 686 3505 in
725 3451 994 3522 epitomen
1025 3448 1264 3520 redegit:

247 3547 305 3588 et
322 3552 507 3586 eorum
534 3531 725 3585 decimi
743 3532 975 3601 epitome
992 3541 1273 3600 propterea

246 3633 277 3665 a
301 3612 526 3666 librariis
549 3603 749 3664 Valerii
769 3609 986 3663 Maximi
1003 3609 1155 3662 libris
1176 3627 1272 3660 no-

247 3712 370 3745 vem
417 3691 615 3763 adjecta
665 3703 743 3744 est
781 3686 1087 3761 appendicis
1127 3689 1270 3752 vice,

244 3773 373 3845 quia
399 3773 629 3826 breviter
659 3783 711 3823 et
740 3769 1003 3822 succincte
1024 3786 1272 3820 romano·

244 3873 369 3906 rum
421 3851 699 3904 nominum
744 3849 972 3902 rationes
1021 3847 1274 3919 explicet,

244 3952 358 4004 quo
393 3932 580 3986 melius
619 3948 837 3983 romana
867 3926 1070 3980 Valerii
1100 3944 1270 3980 exem·

243 4013 334 4085 pla
364 4023 579 4083 possent
619 4009 842 4080 intelligi
879 4009 945 4060 ab
975 4007 1269 4078 imperitio-

174 4091 181 4096 ‘
242 4093 413 4145 ribus.
437 4093 558 4156 Quo
583 4090 690 4143 fine
716 4102 768 4142 et
795 4088 893 4141 alia
921 4087 1008 4140 illa
1040 4086 1270 4157 epitome

244 4172 303 4224 in
357 4170 637 4241 Campensi
677 4169 817 4222 libro
853 4180 971 4237 post
1009 4167 1144 4219 hanc
1177 4164 1270 4217 ad-

1370 1224 1546 1290 juncta
1573 1235 1676 1287 est,
1707 1220 1775 1275 de
1802 1223 2239 1294 appellationibus
2277 1245 2388 1280 ma-

1368 1300 1682 1371 gistratuum
1695 1335 1713 1363 ‚
1750 1314 1802 1355 et
1848 1302 2115 1356 vocabulis
2156 1304 2390 1363 historie

1371 1381 1635 1435 Romame.
1656 1380 1789 1446 Quis
1811 1395 1983 1435 autem
2005 1382 2093 1436 hic
2104 1383 2277 1438 Julius
2293 1387 2391 1439 Pa·

1367 1460 1471 1525 ris,
1494 1460 1647 1513 fateri
1669 1479 1878 1514 necesse
1894 1475 1970 1514 est
1984 1498 2001 1528 ‚
2023 1480 2134 1514 non
2153 1464 2381 1536 liquere:

1368 1540 1607 1610 quamvis
1651 1558 1712 1593 ex
1753 1541 1986 1594 nominis
2009 1541 2179 1596 forma
2211 1545 2387 1616 colligi

1367 1618 1474 1671 sere
1500 1620 1691 1691 possit,
1718 1620 1969 1674 libertum
1987 1620 2147 1674 fuisse
2170 1620 2389 1678 doctum

1366 1699 1593 1769 aliquem
1623 1696 1814 1752 domus
1834 1701 1867 1751 J
1871 1700 2019 1766 ulia,
2046 1702 2289 1772 qualibus
2308 1705 2387 1756 uti

1365 1778 1605 1831 solebant
1627 1780 2006 1848 grammaticis,
2030 1781 2112 1832 vel
2146 1781 2387 1854 padago-

1365 1858 1466 1927 gis,
1490 1859 1573 1911 vel
1594 1861 1907 1930 anagnostis.
1936 1861 2004 1911 At
2028 1862 2199 1914 multo
2224 1865 2388 1934 magis

1362 1938 1648 1991 obscurum
1675 1952 1751 1991 est
1767 1940 1928 2011 ,quis
1952 1940 2112 1993 fuerit
2137 1941 2200 1995 C.
2215 1942 2388 1995 Titius

1362 2017 1567 2070 Probus
1594 2017 1684 2070 hic
1700 2018 1844 2071 velut
1862 2032 2045 2072 auctor
2057 2020 2311 2091 epitomes
2328 2023 2383 2074 in

1363 2096 1629 2165 impressis
1647 2096 1797 2152 libris
1813 2097 2059 2168 praefixus
2077 2117 2091 2151 :
2113 2119 2271 2170 quem
2289 2120 2387 2172 ego

1362 2174 1580 2245 quidem
1616 2177 1672 2228 in
1709 2179 2076 2249 manuscriptis
2124 2181 2388 2234 veteribus

1361 2253 1605 2307 nondum
1656 2256 1828 2326 reperi
1851 2295 1868 2322 ‚
1924 2268 2270 2328 proeterquam
2330 2260 2385 2312 in

1363 2334 1519 2387 unius
1533 2367 1550 2393 ‚
1579 2349 1639 2387 ut
1659 2334 1799 2399 dixi,
1822 2337 2128 2408 Campensis
2144 2338 2282 2389 calce
2300 2338 2388 2392 ad-

1356 2414 1583 2482 jectum;
1614 2427 1771 2486 atque
1800 2415 1900 2477 ita,
1928 2429 1989 2468 ut
2016 2414 2081 2468 ad
2108 2416 2273 2486 ipsam
2297 2438 2385 2470 ex·

1361 2505 1583 2546 tremam
1608 2495 1887 2565 fragmenti
1904 2495 2046 2548 illius
2070 2497 2384 2551 sententiam

1358 2573 1537 2643 potius
1584 2575 1878 2646 pertinere,
1918 2594 2078 2647 quam
2115 2588 2383 2631 auctorem

1359 2654 1471 2723 ejus
1494 2667 1681 2708 notare
1697 2653 1957 2708 videatur.
1984 2657 2121 2708 Nam
2144 2657 2189 2709 si
2216 2658 2383 2729 respi-

1358 2732 1556 2786 ciamus
1597 2732 1665 2786 ad
1705 2735 1974 2787 solennem
2022 2735 2172 2788 illum
2220 2737 2384 2791 ritum

1359 2814 1667 2884 nuptiarum
1683 2851 1700 2879 ,
1723 2816 1872 2885 cujus
1892 2813 1968 2866 ibi
1984 2815 2047 2867 fit
2075 2816 2302 2881 mentio,
2333 2831 2388 2871 et

1360 2909 1518 2962 quem
1543 2894 1703 2946 etiam
1736 2893 1959 2963 pulchre
1986 2895 2302 2949 Plutarchus
2327 2897 2383 2949 in

1359 2971 1782 3026 problematibus
1843 2974 2091 3044 exponit3
2145 2975 2385 3046 profecto

1359 3069 1470 3103 non
1500 3052 1679 3124 inepte
1701 3071 1837 3105 nova
1863 3066 2030 3124 nupta
2049 3072 2112 3106 ex
2129 3073 2278 3109 more
2298 3056 2384 3109 in·

1359 3141 1618 3202 terrogata
1649 3144 1814 3185 semet
1843 3151 2198 3205 sponsumque
2227 3153 2382 3188 suum

1357 3211 1493 3262 bene
1514 3212 1747 3265 ominate
1767 3210 2095 3267 nominando
2108 3252 2125 3279 ‚
2146 3214 2318 3267 Caium
2333 3237 2383 3267 se

1359 3308 1456 3340 esse
1494 3288 1703 3344 dicebat
1749 3291 1808 3343 C.
1853 3285 1998 3354 Titii,
2039 3293 2123 3345 vel
2163 3293 2223 3347 C.
2262 3296 2385 3347 Titii

1357 3368 1512 3420 Probi
1522 3408 1537 3431 ,
1563 3381 1624 3422 ut
1638 3368 1888 3422 videntur
1904 3371 2148 3424 habuisse
2163 3373 2381 3444 quidam

1359 3446 1596 3509 codices,
1625 3468 1692 3502 ex
1708 3449 1901 3520 quibus
1931 3468 2126 3502 nomen
2152 3455 2383 3508 auctoris

1359 3527 1508 3581 istius
1539 3529 1846 3582 translatum
1888 3541 1967 3582 est
2005 3526 2073 3582 ad
2118 3532 2383 3601 praefatio·

1358 3626 1482 3659 nem
1519 3608 1664 3660 illam
1705 3609 1948 3679 primam.
1990 3610 2137 3662 Inter
2181 3612 2378 3682 priscas

1359 3687 1501 3740 enim
1514 3689 1822 3760 nuptiarum
1837 3687 2161 3742 caerimonias
2183 3703 2235 3743 et
2246 3690 2382 3744 illud

1360 3779 1470 3819 erat
1487 3805 1503 3833 ,
1540 3766 1685 3838 quod
1709 3768 2033 3838 auspicatum
2060 3768 2384 3831 habebatur,

1360 3865 1614 3916 sponsum
1640 3848 1726 3900 vel
1742 3866 1988 3918 sponsam
2006 3848 2072 3900 ab
2095 3848 2250 3902 initio
2281 3868 2381 3901 nu-

1360 3927 1593 3996 ptiarum
1629 3946 1740 3980 non
1768 3939 1876 3979 tam
1921 3927 2152 3998 propriis
2171 3966 2188 3993 ‚
2225 3947 2382 3999 quam

1357 4007 1494 4059 bene
1522 4007 1735 4073 faustis,
1756 4025 1815 4059 ac
1841 4006 2089 4058 ominatis
2122 4008 2386 4078 appellare

1358 4086 1684 4140 nominibus.
1710 4084 2171 4152 Quemadmodum
2204 4098 2257 4140 et
2279 4089 2385 4141 vir-

1360 4164 1687 4234 ginesVestae
1704 4165 1999 4229 sacrandas,
2022 4167 2260 4237 pontifex
2277 4186 2386 4220 ma-
