3143 5204
506 469 727 535 CAP.
783 467 1167 552 xn,D1:
1223 466 1530 533 Mon.
1590 467 1804 534 NON
1861 469 2160 537 VULG
2285 469 2419 565 187

296 616 649 693 prospere,
692 612 761 666 et
799 597 1077 667 reddere
1107 597 1363 692 placide
1395 599 1690 692 contigit.
1731 599 1934 668 Medii
1958 603 2273 699 temporis
2289 618 2428 670 eur-

296 730 443 790 sus,
484 719 689 799 prout
742 705 1008 774 somma
1044 696 1618 822 gulvernaeulum¹
1658 705 1872 791 rexit,
1918 707 2118 777 modo
2160 731 2428 802 aspero,

293 759 503 879 modo
534 809 893 904 tranquillo
927 822 1114 878 motu
1147 811 1513 905 peragitur,
1541 835 1657 905 spe
1694 836 1955 905 semper
1987 814 2235 898 minor,
2266 813 2425 884 dum

290 931 358 985 et
392 917 641 1012 cupide
685 919 855 986 votis
900 917 1307 1004 extenditur,
1339 930 1407 985 et
1439 915 1582 985 fere
1622 919 1761 986 sine
1805 920 2060 988 ratione
2095 921 2425 988 consumi-

288 1037 437 1106 tur3
482 1047 640 1092 nam
678 1037 746 1091 et
775 1025 831 1093 si
871 1047 953 1091 eo
989 1022 1158 1093 bene
1196 1024 1293 1091 uti
1329 1021 1524 1109 velis,
1556 1025 1758 1092 etiam
1794 1048 2074 1118 parvum
2107 1025 2426 1120 amplissi-

288 1154 474 1197 mum
536 1129 824 1216 efficies,
884 1153 1236 1197 numerum
1297 1152 1623 1197 annorum
1674 1128 2093 1199 multitudine
2149 1156 2426 1225 operum

290 1235 714 1329 superando:
759 1233 1002 1329 alioqui
1040 1234 1199 1329 quid
1246 1235 1479 1304 attinet
1531 1237 1723 1305 inerti
1769 1260 1956 1305 mora
2002 1236 2322 1331 gaudere,
2372 1240 2428 1307 si

290 1344 501 1436 magis
533 1343 739 1411 vitam
775 1342 1016 1436 exigiS,
1052 1364 1253 1437 quam
1301 1342 1675 1435 approbas?
1707 1342 1819 1412 sed
1861 1367 1945 1411 ne
1979 1342 2239 1438 longius
2274 1367 2428 1412 eva-

291 1471 457 1542 ger,
499 1472 741 1518 eorum
776 1450 1179 1518 mentionem
1224 1448 1462 1517 faciam
1480 1446 1525 1535 ²,
1562 1451 1678 1541 qui
1718 1473 1854 1518 non
1890 1449 2148 1544 vulgari
2188 1474 2427 1545 genere

291 1555 528 1623 mortis
564 1554 897 1649 absumpti
941 1570 1113 1623 sunt.

412 1706 473 1773 ι.
531 1685 764 1756 Tullus
796 1683 1137 1756 ‘Hostilius
1201 1685 1475 1755 fulmine
1529 1689 1699 1757 ictus
1724 1740 1744 1772 ,
1809 1713 1960 1759 cum
2031 1703 2170 1758 tota
2227 1689 2427 1758 domo

291 1779 807 1887 conflagravit³t
847 1792 1244 1888 singularem
1288 1794 1405 1862 fati
1443 1809 1721 1879 sortem,
1752 1819 1880 1889 qua
1918 1796 2183 1883 accidit,
2220 1811 2295 1865 ut
2328 1823 2430 1866 co-

292 1896 522 1966 lumen
559 1900 778 1986 urbis,
821 1901 887 1967 in
935 1900 1075 1993 ipsa
1119 1899 1285 1969 urbe
1334 1916 1633 1996 raptum,
1679 1926 1766 1969 ne
1809 1926 2117 1997 supremo
2161 1902 2426 1997 quidem

290 2003 544 2075 funeris
581 2006 835 2075 honore
874 2029 913 2074 a
950 2006 1205 2076 civibus
1241 2006 1541 2077 decorari
1583 2023 1837 2102 posset,
1876 2008 2116 2078 caelesti
2162 2010 2425 2078 flamma

292 2112 364 2178 in
405 2099 594 2181 eam⁴
651 2112 1095 2182 conditionem
1148 2110 1529 2201 redactum,
1578 2129 1651 2184 ut
1697 2115 1960 2183 eosdem
2004 2129 2315 2211 penates,
2362 2130 2429 2183 et

293 2220 576 2313 regiam,
618 2234 685 2287 et
722 2243 994 2314 rogum,
1039 2234 1105 2288 et
1137 2220 1512 2315 sepulcrum
1552 2218 1844 2289 haberet.

406 2376 473 2420 2.
514 2352 652 2420 Vix
685 2351 1036 2421 verisimile
1077 2367 1215 2437 est,
1261 2354 1328 2420 in
1376 2351 1715 2446 eripiendo
1759 2354 1992 2447 spiritu
2041 2352 2216 2422 idem
2260 2373 2426 2447 gau-

294 2448 479 2525 dium
533 2458 861 2552 potuisse,
924 2457 1103 2552 quod
1164 2454 1467 2544 fulmen3
1525 2471 1601 2526 et
1652 2472 1873 2527 tamen
1929 2457 2102 2527 idem
2160 2444 2409 2528 ⁵valuit

292 2564 621 2634 Nuntiata
664 2566 838 2633 enim
879 2563 1103 2654 clade,
1147 2590 1292 2660 quae
1324 2564 1407 2634 ad
1447 2562 1665 2635 lacum
1696 2565 2153 2635 Trasimenum
2196 2566 2431 2635 incide-

295 2686 437 2757 rat,
481 2668 690 2741 altera
730 2687 942 2740 mater
981 2620 1211 2767 sos’piti
1250 2670 1385 2741 filio
1422 2672 1562 2740 ad
1544 2695 1758 2802 ipsam
1795 2687 2059 2767 portam
2096 2672 2268 2742 facta
2310 2673 2428 2741 ob-

294 2779 511 2861 viam,
539 2779 608 2845 in
634 2776 984 2873 complexu
1014 2779 1153 2872 ejus
1180 2763 1575 2874 exspiravit⁶
1592 2778 1834 2849 ,altera
1857 2803 2062 2873 quum
2084 2778 2247 2848 falso
2266 2806 2436 2850 mor-

296 2886 383 2953 tis
428 2882 545 2953 filii
582 2883 818 2956 nuntio
854 2884 1035 2954 domi
1072 2899 1306 2956 moesta
1351 2884 1645 2972 sederet,
1681 2883 1767 2955 ad
1809 2888 2102 2981 primum
2149 2912 2433 2982 conspe-

388 3110 439 3146 ι.
457 3092 860 3147 Gaba-naculum,
891 3095 1138 3146 Fortunae
1160 3093 1323 3146 simu-

1494 3095 1546 3146 3.
1584 3094 1934 3165 Conflagmvt'e.
1972 3097 2031 3147 A.
2060 3095 2128 3147 U.
2170 3095 2433 3148 113.Liv.

299 3172 501 3225 luorum
542 3192 665 3226 cum
708 3192 875 3226 cornu
918 3174 1084 3245 copiae
1130 3187 1183 3227 et
1228 3193 1324 3244 gu·
1410 3174 1454 3225 1.
1477 3172 1664 3237 v01.1,
1704 3194 1821 3245 pag.
1854 3194 1947 3244 97,
1974 3186 2166 3227 nostrae
2193 3173 2276 3227 ed.
2309 3176 2438 3226 Dio·

300 3253 591 3305 bemacnlo
604 3254 917 3324 fingebatur,
941 3267 1209 3325 tamquam
1230 3272 1324 3317 ea,

300 3351 420 3403 qna
450 3351 581 3404 opes
610 3334 867 3386 tribueret
893 3347 948 3386 et
975 3293 1327 3386 humanu-uni

299 3429 483 3465 mun
498 3413 736 3484 reginen
750 3414 1033 3466 obtineret.
1049 3444 1129 3455 —-
1146 3414 1324 3466 Minor.

302 3493 447 3545 Vita
469 3497 657 3546 cunm
672 3494 985 3565 plerumque
1006 3510 1103 3563 spe
1115 3493 1330 3545 brevior

301 3585 399 3623 est.
448 3573 583 3624 Nam
628 3573 783 3624 multi
827 3572 1121 3644 longiorem
1166 3573 1328 3626 vitam

301 3651 402 3703 sibi
434 3666 793 3721 presumunt,
821 3655 931 3706 sive
969 3654 1083 3706 sine
1126 3652 1332 3704 ratione

302 3731 467 3784 vitan
496 3734 812 3802 transigunt.

386 3832 440 3864 2.
462 3814 648 3864 Eorum
666 3815 943 3863 mentionem
955 3813 1160 3876 saciata
1176 3811 1329 3882 Pigh.

302 3891 419 3946 Cel.
446 3904 501 3945 et
517 3894 703 3945 Votst.
729 3893 842 3943 liba
868 3910 1029 3943 eorum
1057 3896 1333 3943 ιυιοηιὶωκηι

293 3972 487 4036 sacen-e,
500 3971 649 4043 quod
663 3971 810 4025 unde
825 3985 1004 4026 ortum
1017 3973 1085 4024 sit
1101 3969 1333 4025 ostendit

305 4051 464 4105 Paris.
506 4055 672 4123 prim.
713 4053 802 4104 sed
835 4071 894 4102 ne
932 4053 1121 4121 toengia
1154 4057 1334 4122 vagae-i

306 4130 477 4194 tum,
510 4152 676 4185 aarum
700 4137 975 4184 memiana·
997 4135 1195 4199 [ασίαιη.

1413 3272 1527 3322 nys.
1553 3253 1608 3305 3.
1626 3253 1758 3305 Sunt
1775 3290 1790 3316 ,
1811 3255 1904 3324 qui
1930 3256 2196 3306 incensam
2219 3252 2437 3307 domum

1412 3330 1619 3384 insidiis
1649 3333 1782 3384 Anci
1804 3332 2120 3385 adscribant.

1499 3417 1549 3473 4.
1593 3413 1655 3462 In
1687 3430 1794 3463 eam
1830 3412 2161 3464 conditionem.
2202 3414 2344 3478 Alii,
2391 3419 2440 3465 in

1415 3492 1578 3542 eadem
1604 3491 1886 3544 codicione.

1501 3571 1549 3624 5.
1585 3571 1719 3623 Idem
1746 3573 1922 3624 valuit.
1963 3569 2030 3624 Id
2054 3584 2163 3635 est,
2190 3571 2441 3642 gaudium

1416 3649 1588 3704 valuit
1611 3652 1857 3722 spirltum
1896 3652 2133 3723 eripere,
2174 3652 2313 3703 sicut
2339 3651 2443 3703 ful-

1416 3749 1555 3785 men.
1593 3731 1742 3802 Pigh.
1773 3732 1948 3785 Coler.
1981 3744 2034 3784 et
2066 3733 2246 3784 Vox-st.
2281 3730 2444 3784 dede·

1418 3824 1538 3865 rant
1558 3816 1738 3883 potuit.

1499 3894 1552 3944 6.
1595 3893 1891 3962 Exspiravit.
1939 3893 2002 3942 A.
2038 3893 2108 3944 U.
2152 3891 2282 3943 536.
2327 3891 2442 3943 Liv.

1418 3973 1604 4036 XXII,
1631 3969 1997 4040 73Plin.v11,
2025 3971 2093 4024 32
2114 3982 2167 4022 et
2191 3971 2282 4034 533
2303 3971 2440 4024 Gen.

1423 4051 1506 4102 III
1522 4088 1535 4111 ‚
1579 4070 1598 4104 1
1615 4053 1663 4103 5.
1701 4050 1846 4103 Olim
1871 4062 1994 4103 ante
2018 4051 2263 4120 compleam
2288 4052 2452 4104 omit-

1424 4133 1633 4183 tebatur
1665 4149 1824 4201 prop.
1862 4134 1943 4191 ιἰις
1970 4149 2265 4200 perperam.
