3143 5204
390 406 611 530 CAP.
668 462 787 546 ΙΙ,
843 463 977 528 DE
1032 462 1533 529 PRIVATIS
1587 465 2071 533 JUDICIIS.
2213 490 2296 562 7¹

195 595 410 689 punire
452 619 601 662 eam
644 594 822 687 justo
860 592 1095 663 dolore
1128 592 1477 688 impulsam
1504 649 1523 683 ‚
1564 596 1942 665 sustinebat.
1981 597 2306 666 Conside-

193 715 399 768 ranter
434 715 503 769 et
536 713 879 779 mansuete
916 698 1142 795 populi
1184 704 1443 770 romani
1480 703 1938 796 magistratus,
1976 704 2091 772 sed
2134 728 2310 772 areo-

192 808 410 901 pagitae
450 832 719 901 quoque
756 832 891 876 non
923 808 1141 876 minus
1183 809 1510 903 sapienter
1538 835 1558 875 .·
1588 810 1730 903 qui,
1757 811 2051 904 inspecta
2079 834 2272 879 causa
2291 864 2309 898 ‚

191 929 248 981 et
283 928 736 982 accusatorem
772 929 839 983 et
865 939 1045 982 ream
1083 929 1236 1008 post
1259 930 1523 984 centum
1559 940 1768 985 annos
1801 916 1884 984 ad
1924 941 1992 985 se
2027 919 2267 985 reverti
2287 915 2303 940 ⁸

187 1021 505 1112 jusserunt
530 1074 551 1103 ‚
595 1021 828 1090 eodem
885 1021 1130 1092 affectu
1175 1023 1378 1108 moti,
1421 1047 1554 1116 quo
1612 1019 1998 1105 Dolabella3
2046 1023 2160 1091 sed
2203 1021 2307 1091 ille

195 1125 636 1196 transferendo
677 1130 1102 1221 quaestionem
1129 1182 1149 1216 ,
1192 1129 1261 1196 hi
1304 1128 1673 1197 differendo
1717 1129 2071 1197 damnandi
2113 1145 2309 1223 atque

194 1232 558 1302 absolvendi
595 1233 1116 1329 inexplicabilem
1138 1233 1159 1258 ²
1191 1237 1677 1305 cunctationem
1714 1236 2080 1305 mutabant.

914 1487 1374 1578 CAPUT
1458 1490 1586 1576 II.

340 1723 448 1789 De
475 1725 780 1816 privatas·
801 1719 1087 1811 judiciis
1125 1719 1500 1815 insignibus
1517 1775 1539 1807 ,
1565 1720 1806 1816 quibus
1834 1722 2157 1791 damnati

202 1924 233 1953 1.
254 1911 301 1956 Τ.
323 1909 551 1957 Claudius
588 1910 904 1957 Centumalus.
936 1934 997 1944 —-
1022 1925 1064 1955 ο.
1101 1908 1295 1956 Otacilia
1327 1910 1606 1956 Laterensis.
1629 1935 1691 1945 —
1715 1911 1760 1957 3.
1799 1913 1854 1958 C.
1886 1912 2086 1958 Titinius
2115 1913 2314 1958 mintur-

566 1989 738 2035 nensis.
758 2015 819 2024 —
842 1994 890 2042 4.
914 1987 1121 2047 Quidam
1141 1989 1204 2035 ob
1235 1988 1346 2050 equi
1374 1999 1609 2035 vecturam
1631 1990 1908 2051 longiorem.

282 2157 565 2228 Publicis
586 2157 847 2251 judiciis
882 2157 1183 2251 adjiciam
1224 2144 1545 2251 privata³,
1574 2185 1860 2252 quorum
1890 2162 2097 2255 magis
2123 2161 2316 2254 aequi-

201 2280 279 2333 m
308 2267 753 2360 quaestionum
790 2263 1117 2334 delectare
1137 2318 1158 2351 ‚
1194 2289 1393 2359 quam
1425 2265 1857 2335 immoderata
1885 2268 2082 2335 turba
2110 2267 2317 2336 offen-

200 2370 327 2440 dere
361 2370 683 2442 lectorem
727 2373 987 2466 poterit.

294 2520 345 2563 1.
383 2495 712 2565 Claudius
748 2482 1217 2565 Centumalus‘⁴
1248 2496 1334 2567 ab
1379 2496 1737 2590 auguribus
1759 2497 1982 2589 jussus
2026 2496 2311 2568 altitudi-

200 2626 324 2670 nem
363 2602 610 2696 domus
649 2627 814 2691 suae‚
846 2627 1047 2697 quam
1080 2605 1147 2671 in
1182 2601 1397 2672 Coelio
1433 2619 1660 2673 monte
1690 2604 2008 2694 habebat,
2037 2605 2311 2674 submit·

202 2721 345 2797 tere,
383 2712 545 2804 quia
589 2710 693 2779 his
741 2735 822 2778 ex
876 2735 1027 2779 arce
1071 2711 1421 2805 augurium
1469 2711 1879 2805 capientibus
1932 2710 2267 2780 officiebat
2291 2766 2311 2800 ,

203 2816 461 2886 vendidit
496 2841 653 2887 eam
700 2816 1065 2910 Calpufnio
1110 2819 1398 2888 Lanario
1419 2871 1439 2906 ‚
1462 2817 1947 2892 necindicavit
1983 2817 2163 2911 quod
2192 2821 2312 2887 im·

271 3039 288 3072 1
300 3061 312 3072 .
337 3022 425 3074 Aa
441 3043 493 3074 se
518 3024 708 3073 reverti·
732 3021 818 3074 Sic
838 3039 1022 3074 omnes
1044 3019 1195 3075 MSS.
1286 3021 1385 3074 alia
1394 3023 1601 3093 privata
1615 3021 1859 3076 exstitere
1875 3041 1889 3075 ε
1904 3021 2117 3093 publica
2129 3020 2198 3075 de
2211 3025 2311 3076 cri-

207 3110 247 3148 et
266 3099 405 3169 edd.;
428 3120 578 3154 nnus
601 3101 909 3173 Campensis
938 3102 1099 3152 adesse
1122 3121 1195 3152 re·
1283 3102 1548 3167 minibus,
1591 3102 1796 3173 privata
1837 3101 1905 3155 de
1938 3103 2312 3157 controversiis

205 3184 310 3232 veni.
327 3181 483 3235 Unde
504 3181 729 3252 Pighius
755 3181 981 3251 conjecit
995 3219 1008 3239 ,
1031 3186 1201 3235 reverti
1282 3180 1541 3235 instituta.
1555 3181 1685 3236 Vid.
1701 3181 1889 3235 Rosini
1902 3182 2085 3253 Antiq.
2100 3203 2158 3253 p.
2176 3186 2311 3237 886.

205 3275 228 3308 e
250 3259 394 3328 glossa
422 3276 611 3315 ortum
638 3279 779 3327 esse,
806 3274 859 3314 et
885 3262 1047 3313 adesse
1081 3274 1197 3313 tan-
1284 3292 1364 3303 —-
1396 3262 1630 3331 Quorum.
1661 3262 1834 3315 Scilic.
1863 3281 1983 3334 quae
2012 3262 2069 3315 in
2095 3261 2311 3332 judiciis

206 3341 446 3395 tummodo
474 3359 700 3407 verum,
723 3361 786 3394 eo
809 3341 1161 3395 confidentius
1178 3372 1195 3399 ⁹
1284 3341 1625 3407 observatur,
1675 3342 1910 3412 aequitas.
1959 3374 2037 3384 —
2097 3343 2314 3412 Quorum

203 3418 322 3486 quod
339 3421 547 3475 Gellius
566 3419 808 3474 eamdem
828 3441 891 3474 ex
914 3434 1096 3475 nostro
1113 3440 1198 3474 re·
1286 3424 1441 3490 magis
1460 3441 1519 3472 ac
1542 3423 1871 3493 quoestionum.
1899 3422 1980 3474 Ita
2011 3435 2139 3475 vett.
2172 3423 2313 3493 typis

203 3497 637 3555 feremhistoriam
649 3502 817 3555 utitur
830 3503 994 3556 verbo
1005 3505 1167 3554 adesse
1180 3521 1199 3561 ‚-
1284 3502 1516 3571 expressi
1545 3513 1598 3555 et
1621 3500 1773 3555 MSS.
1799 3500 1995 3555 Brand.
2022 3500 2185 3572 idque
2205 3521 2314 3554 ma·

204 3577 277 3629 κά
292 3599 390 3634 non
410 3582 538 3636 ideo
561 3599 770 3635 necesse
787 3596 866 3636 est
878 3594 930 3635 et
944 3582 1198 3635 Nostrum
1286 3580 1365 3652 gis
1381 3581 1605 3634 Vox-stio
1623 3583 1793 3652 placet
1814 3600 1974 3653 quam
1992 3580 2137 3652 quod
2156 3581 2309 3651 Pigh.

205 3656 264 3710 sic
285 3660 561 3732 loquntnm
586 3661 763 3715 fuisse.
1285 3660 1519 3733 scripsit,
1538 3665 1741 3733 ‘equitas
1758 3665 2082 3733 quaerentium.
2093 3661 2315 3713 Iudicio-

272 3740 805 3814 ².Inexplicabilem.1d
820 3744 1073 3812 est,cujus
1087 3742 1202 3794 nul·
1275 3760 1391 3792 -nam
1422 3746 1622 3812 oequitas
1650 3746 1962 3814 quaestionum
1990 3753 2067 3794 est
2097 3741 2313 3810 :equitas

207 3816 270 3869 lus
293 3820 583 3876 viventium
611 3822 820 3875 visurus
854 3832 987 3874 esset
1020 3822 1198 3873 finem.
1287 3821 1641 3893 quastionum
1664 3840 1782 3893 quae
1812 3823 1867 3874 in
1891 3819 2108 3891 judiciis
2132 3820 2315 3873 obser·

207 3927 268 3938 —
302 3901 572 3955 Mun-bane.
621 3902 838 3973 Pighius
870 3920 883 3954 :
918 3901 1199 3955 invitabant.
1288 3913 1458 3954 vatur.
1465 3901 1574 3954 Uni
1588 3902 1916 3955 substantivo
1931 3899 2040 3954 duo
2060 3901 2317 3971 alingeni·

273 3979 318 4030 3.
359 3983 575 4035 Privata.
620 3983 888 4048 Quoniam
926 3983 1014 4051 jus
1059 3980 1202 4034 aliud
1290 3982 1402 4034 tivo
1418 4001 1540 4035 casu
1559 3982 1710 4053 jungi
1731 3981 1949 4033 minime
1967 3980 2202 4033 insolens
2218 3994 2314 4035 est.

208 4058 452 4124 publicum
467 4060 637 4129 ‚aliud
656 4063 922 4134 privatum
940 4061 1205 4132 fuit‚pro-
1377 4068 1427 4124 4.
1474 4061 1802 4115 Centumalus.
1835 4063 1936 4113 An.
1966 4061 2036 4112 U.
2070 4059 2184 4128 559
2209 4060 2316 4114 cir-

209 4148 362 4212 pterea
382 4141 579 4212 judicia
601 4161 815 4214 quoque
837 4142 937 4195 alia
960 4141 1206 4212 publiea,
1292 4142 1438 4197 citer.
1470 4143 1584 4197 Cic.
1618 4141 1776 4195 offic.
1805 4141 1923 4205 111,
1955 4144 2044 4194 16.
2083 4171 2164 4184 --·
2197 4140 2317 4194 Cat·
2371 4187 2382 4195 .

1912 4236 1998 4319 5⁴6
