<?xml version="1.0" encoding="UTF-8"?>
<!DOCTYPE html PUBLIC "-//W3C//DTD XHTML 1.0 Transitional//EN"
    "http://www.w3.org/TR/xhtml1/DTD/xhtml1-transitional.dtd">
<html xmlns="http://www.w3.org/1999/xhtml" xml:lang="en" lang="en">
 <head>
  <title>
</title>
<meta http-equiv="Content-Type" content="text/html;charset=utf-8" />
  <meta name='ocr-system' content='tesseract 3.04.00' />
  <meta name='ocr-capabilities' content='ocr_page ocr_carea ocr_par ocr_line ocrx_word'/>
</head>
<body>
  <div class='ocr_page' id='page_1' title='image "./valeriusmaximus02lykogoog_0096.png"; bbox 0 0 3143 5204; ppageno 0'>
   <div class='ocr_carea' id='block_1_1' title="bbox 859 422 2663 543">
    <p class='ocr_par' dir='ltr' id='par_1_1' title="bbox 859 422 2663 543">
     <span class='ocr_line' id='line_1_1' title="bbox 859 422 2663 543; baseline -0.002 -1"><span class='ocrx_word' id='word_1_1' title='bbox 859 472 950 543; x_wconf 84' lang='lat'><strong>82</strong></span> <span class='ocrx_word' id='word_1_2' title='bbox 1197 422 1647 538; x_wconf 51' lang='lat' dir='ltr'><strong>vALEPssn</strong></span> <span class='ocrx_word' id='word_1_3' title='bbox 1714 469 2123 537; x_wconf 80' lang='lat' dir='ltr'><strong>MAx1M1</strong></span> <span class='ocrx_word' id='word_1_4' title='bbox 2180 471 2374 537; x_wconf 71' lang='grc' dir='ltr'><strong>ΜΒ.</strong></span> <span class='ocrx_word' id='word_1_5' title='bbox 2434 471 2663 539; x_wconf 82' lang='lat' dir='ltr'><strong>vm.</strong></span> 
     </span>
    </p>
   </div>
   <div class='ocr_carea' id='block_1_2' title="bbox 820 600 2996 2501">
    <p class='ocr_par' dir='ltr' id='par_1_2' title="bbox 851 600 2996 1020">
     <span class='ocr_line' id='line_1_2' title="bbox 855 600 2996 698; baseline 0 -24"><span class='ocrx_word' id='word_1_6' title='bbox 855 619 1063 674; x_wconf 83' lang='lat' dir='ltr'><strong>tatum</strong></span> <span class='ocrx_word' id='word_1_7' title='bbox 1103 618 1285 685; x_wconf 83' lang='lat' dir='ltr'><strong>erat3</strong></span> <span class='ocrx_word' id='word_1_8' title='bbox 1331 605 1404 669; x_wconf 92' lang='lat' dir='ltr'><strong>L.</strong></span> <span class='ocrx_word' id='word_1_9' title='bbox 1434 600 1619 671; x_wconf 81' lang='lat' dir='ltr'><strong>Sulla</strong></span> <span class='ocrx_word' id='word_1_10' title='bbox 1657 627 1807 670; x_wconf 89' lang='lat' dir='ltr'><strong>curn</strong></span> <span class='ocrx_word' id='word_1_11' title='bbox 1847 602 2137 670; x_wconf 85' lang='lat' dir='ltr'><strong>exercitu</strong></span> <span class='ocrx_word' id='word_1_12' title='bbox 2173 603 2239 669; x_wconf 90' lang='lat' dir='ltr'><strong>in</strong></span> <span class='ocrx_word' id='word_1_13' title='bbox 2274 602 2507 670; x_wconf 84' lang='lat' dir='ltr'><strong>urbem</strong></span> <span class='ocrx_word' id='word_1_14' title='bbox 2545 605 2996 698; x_wconf 84' lang='lat' dir='ltr'><strong>irrumpente,&#39;</strong></span> 
     </span>
     <span class='ocr_line' id='line_1_3' title="bbox 854 707 2989 805; baseline 0.001 -26"><span class='ocrx_word' id='word_1_15' title='bbox 854 712 938 780; x_wconf 84' lang='lat' dir='ltr'><strong>ad</strong></span> <span class='ocrx_word' id='word_1_16' title='bbox 967 708 1278 778; x_wconf 86' lang='lat' dir='ltr'><strong>auxilium</strong></span> <span class='ocrx_word' id='word_1_17' title='bbox 1312 733 1655 776; x_wconf 85' lang='lat' dir='ltr'><strong>servorum</strong></span> <span class='ocrx_word' id='word_1_18' title='bbox 1681 707 1851 802; x_wconf 88' lang='lat' dir='ltr'><strong>pileo</strong></span> <span class='ocrx_word' id='word_1_19' title='bbox 1878 707 2135 777; x_wconf 82' lang='lat' dir='ltr'><strong>sublato</strong></span> <span class='ocrx_word' id='word_1_20' title='bbox 2156 707 2172 730; x_wconf 87' lang='lat'><em>¹</em></span> <span class='ocrx_word' id='word_1_21' title='bbox 2206 708 2537 803; x_wconf 84' lang='lat' dir='ltr'>confugit:</span> <span class='ocrx_word' id='word_1_22' title='bbox 2570 712 2792 805; x_wconf 84' lang='lat' dir='ltr'><strong>itaque</strong></span> <span class='ocrx_word' id='word_1_23' title='bbox 2824 712 2989 781; x_wconf 88' lang='lat' dir='ltr'><strong>dum</strong></span> 
     </span>
     <span class='ocr_line' id='line_1_4' title="bbox 853 813 2991 909; baseline 0 -23"><span class='ocrx_word' id='word_1_24' title='bbox 853 818 1106 887; x_wconf 78' lang='lat' dir='ltr'><strong>facinus</strong></span> <span class='ocrx_word' id='word_1_25' title='bbox 1132 870 1149 899; x_wconf 92' lang='lat'>‚</span> <span class='ocrx_word' id='word_1_26' title='bbox 1189 814 1367 909; x_wconf 91' lang='lat' dir='ltr'><strong>quod</strong></span> <span class='ocrx_word' id='word_1_27' title='bbox 1414 816 1756 909; x_wconf 81' lang='lat' dir='ltr'>punierat,</span> <span class='ocrx_word' id='word_1_28' title='bbox 1799 815 2138 901; x_wconf 83' lang='lat' dir='ltr'>imitatur,</span> <span class='ocrx_word' id='word_1_29' title='bbox 2185 813 2465 884; x_wconf 86' lang='lat' dir='ltr'><strong>alterum</strong></span> <span class='ocrx_word' id='word_1_30' title='bbox 2502 813 2520 837; x_wconf 85' lang='lat'>²</span> <span class='ocrx_word' id='word_1_31' title='bbox 2568 819 2858 886; x_wconf 87' lang='lat' dir='ltr'><strong>Marium</strong></span> <span class='ocrx_word' id='word_1_32' title='bbox 2882 872 2903 904; x_wconf 85' lang='lat'>,</span> <span class='ocrx_word' id='word_1_33' title='bbox 2951 844 2991 886; x_wconf 83' lang='lat' dir='ltr'>a</span> 
     </span>
     <span class='ocr_line' id='line_1_5' title="bbox 851 922 1765 1020; baseline -0.004 -29"><span class='ocrx_word' id='word_1_34' title='bbox 851 950 984 1020; x_wconf 90' lang='lat' dir='ltr'><strong>quo</strong></span> <span class='ocrx_word' id='word_1_35' title='bbox 1024 922 1462 1017; x_wconf 82' lang='lat' dir='ltr'><strong>affligeretur,</strong></span> <span class='ocrx_word' id='word_1_36' title='bbox 1495 922 1765 989; x_wconf 86' lang='lat' dir='ltr'><strong>invenit.</strong></span> 
     </span>
    </p>

    <p class='ocr_par' dir='ltr' id='par_1_3' title="bbox 834 1011 2991 1866">
     <span class='ocr_line' id='line_1_6' title="bbox 958 1011 2989 1123; baseline 0 -24"><span class='ocrx_word' id='word_1_37' title='bbox 958 1027 1022 1099; x_wconf 86' lang='lat'><strong>3.</strong></span> <span class='ocrx_word' id='word_1_38' title='bbox 1051 1032 1126 1099; x_wconf 87' lang='lat' dir='ltr'><strong>C.</strong></span> <span class='ocrx_word' id='word_1_39' title='bbox 1157 1054 1317 1097; x_wconf 84' lang='lat' dir='ltr'><strong>vero</strong></span> <span class='ocrx_word' id='word_1_40' title='bbox 1348 1029 1641 1096; x_wconf 83' lang='lat' dir='ltr'><strong>Licinius</strong></span> <span class='ocrx_word' id='word_1_41' title='bbox 1664 1025 1846 1096; x_wconf 87' lang='lat' dir='ltr'>Stolo</span> <span class='ocrx_word' id='word_1_42' title='bbox 1863 1011 1910 1113; x_wconf 81' lang='lat'><strong>³,</strong></span> <span class='ocrx_word' id='word_1_43' title='bbox 1934 1028 2121 1120; x_wconf 89' lang='lat' dir='ltr'><strong>cujus</strong></span> <span class='ocrx_word' id='word_1_44' title='bbox 2154 1027 2475 1096; x_wconf 88' lang='lat' dir='ltr'><strong>beneficio</strong></span> <span class='ocrx_word' id='word_1_45' title='bbox 2508 1027 2682 1122; x_wconf 83' lang='lat' dir='ltr'><strong>plebi</strong></span> <span class='ocrx_word' id='word_1_46' title='bbox 2712 1031 2989 1123; x_wconf 85' lang='lat' dir='ltr'><strong>petendi</strong></span> 
     </span>
     <span class='ocr_line' id='line_1_7' title="bbox 847 1118 2991 1228; baseline 0 -23"><span class='ocrx_word' id='word_1_47' title='bbox 847 1135 1262 1205; x_wconf 86' lang='lat' dir='ltr'><strong>consulatum</strong></span> <span class='ocrx_word' id='word_1_48' title='bbox 1318 1148 1609 1228; x_wconf 84' lang='lat' dir='ltr'><strong>potestas</strong></span> <span class='ocrx_word' id='word_1_49' title='bbox 1656 1133 1830 1203; x_wconf 84' lang='lat' dir='ltr'><strong>facta</strong></span> <span class='ocrx_word' id='word_1_50' title='bbox 1876 1148 2014 1221; x_wconf 85' lang='lat' dir='ltr'><strong>est,</strong></span> <span class='ocrx_word' id='word_1_51' title='bbox 2062 1158 2266 1226; x_wconf 89' lang='lat' dir='ltr'><strong>quum</strong></span> <span class='ocrx_word' id='word_1_52' title='bbox 2296 1118 2447 1227; x_wconf 66' lang='lat' dir='ltr'><strong>iege</strong></span> <span class='ocrx_word' id='word_1_53' title='bbox 2498 1138 2854 1223; x_wconf 84' lang='lat' dir='ltr'>sanxisset,</span> <span class='ocrx_word' id='word_1_54' title='bbox 2898 1162 2991 1206; x_wconf 78' lang='lat' dir='ltr'><strong>ne</strong></span> 
     </span>
     <span class='ocr_line' id='line_1_8' title="bbox 839 1239 2987 1337; baseline -0 -27"><span class='ocrx_word' id='word_1_55' title='bbox 839 1247 995 1336; x_wconf 77' lang='lat' dir='ltr'><strong>quis</strong></span> <span class='ocrx_word' id='word_1_56' title='bbox 1025 1244 1320 1337; x_wconf 80' lang='lat' dir='ltr'><strong>amplius</strong></span> <span class='ocrx_word' id='word_1_57' title='bbox 1347 1265 1558 1334; x_wconf 83' lang='lat' dir='ltr'><strong>quam</strong></span> <span class='ocrx_word' id='word_1_58' title='bbox 1585 1244 1959 1334; x_wconf 72' lang='lat' dir='ltr'><em>quingenta</em></span> <span class='ocrx_word' id='word_1_59' title='bbox 1984 1244 2146 1333; x_wconf 78' lang='lat' dir='ltr'><strong>agri</strong></span> <span class='ocrx_word' id='word_1_60' title='bbox 2149 1239 2411 1334; x_wconf 79' lang='lat' dir='ltr'><strong>jugera</strong></span> <span class='ocrx_word' id='word_1_61' title='bbox 2428 1241 2844 1335; x_wconf 80' lang='lat' dir='ltr'><strong>possideret,</strong></span> <span class='ocrx_word' id='word_1_62' title='bbox 2884 1245 2903 1309; x_wconf 94' lang='lat' dir='ltr'><strong>i</strong></span> <span class='ocrx_word' id='word_1_63' title='bbox 2908 1270 2987 1337; x_wconf 88' lang='lat' dir='ltr'><strong>p-</strong></span> 
     </span>
     <span class='ocr_line' id='line_1_9' title="bbox 843 1344 2986 1442; baseline 0.001 -27"><span class='ocrx_word' id='word_1_64' title='bbox 843 1374 911 1416; x_wconf 87' lang='lat' dir='ltr'><strong>se</strong></span> <span class='ocrx_word' id='word_1_65' title='bbox 954 1346 1130 1416; x_wconf 88' lang='lat' dir='ltr'><strong>mille</strong></span> <span class='ocrx_word' id='word_1_66' title='bbox 1166 1349 1621 1442; x_wconf 79' lang='lat' dir='ltr'><strong>comparavit3</strong></span> <span class='ocrx_word' id='word_1_67' title='bbox 1662 1344 2244 1441; x_wconf 83' lang='lat' dir='ltr'><strong>dissimulandique</strong></span> <span class='ocrx_word' id='word_1_68' title='bbox 2283 1348 2574 1417; x_wconf 85' lang='lat' dir='ltr'><strong>criminis</strong></span> <span class='ocrx_word' id='word_1_69' title='bbox 2616 1351 2827 1442; x_wconf 79' lang='lat' dir='ltr'><strong>gratia</strong></span> <span class='ocrx_word' id='word_1_70' title='bbox 2871 1349 2986 1417; x_wconf 92' lang='lat' dir='ltr'><strong>di-</strong></span> 
     </span>
     <span class='ocr_line' id='line_1_10' title="bbox 840 1440 2982 1548; baseline 0.001 -27"><span class='ocrx_word' id='word_1_71' title='bbox 840 1454 1109 1523; x_wconf 86' lang='lat' dir='ltr'><strong>midiam</strong></span> <span class='ocrx_word' id='word_1_72' title='bbox 1142 1469 1398 1548; x_wconf 86' lang='lat' dir='ltr'><strong>partem</strong></span> <span class='ocrx_word' id='word_1_73' title='bbox 1428 1453 1564 1522; x_wconf 86' lang='lat' dir='ltr'><strong>filio</strong></span> <span class='ocrx_word' id='word_1_74' title='bbox 1601 1440 2085 1547; x_wconf 68' lang='lat' dir='ltr'><strong>emancipavit⁴</strong></span> <span class='ocrx_word' id='word_1_75' title='bbox 2116 1477 2130 1519; x_wconf 90' lang='lat'>:</span> <span class='ocrx_word' id='word_1_76' title='bbox 2165 1477 2364 1546; x_wconf 84' lang='lat' dir='ltr'><strong>quam</strong></span> <span class='ocrx_word' id='word_1_77' title='bbox 2398 1454 2486 1522; x_wconf 93' lang='lat' dir='ltr'><strong>ob</strong></span> <span class='ocrx_word' id='word_1_78' title='bbox 2515 1479 2781 1524; x_wconf 81' lang='lat' dir='ltr'><strong>causam</strong></span> <span class='ocrx_word' id='word_1_79' title='bbox 2814 1479 2854 1524; x_wconf 82' lang='lat' dir='ltr'><strong>a</strong></span> <span class='ocrx_word' id='word_1_80' title='bbox 2879 1458 2982 1524; x_wconf 89' lang='lat' dir='ltr'><strong>M.</strong></span> 
     </span>
     <span class='ocr_line' id='line_1_11' title="bbox 837 1556 2983 1654; baseline 0 -25"><span class='ocrx_word' id='word_1_81' title='bbox 837 1560 1090 1654; x_wconf 88' lang='lat' dir='ltr'><strong>Popilio</strong></span> <span class='ocrx_word' id='word_1_82' title='bbox 1123 1564 1388 1629; x_wconf 85' lang='lat' dir='ltr'><strong>Laenate</strong></span> <span class='ocrx_word' id='word_1_83' title='bbox 1420 1574 1799 1645; x_wconf 80' lang='lat' dir='ltr'><strong>accusatuS,</strong></span> <span class='ocrx_word' id='word_1_84' title='bbox 1830 1560 2082 1651; x_wconf 85' lang='lat' dir='ltr'><strong>primus</strong></span> <span class='ocrx_word' id='word_1_85' title='bbox 2112 1582 2230 1627; x_wconf 84' lang='lat' dir='ltr'><strong>sua</strong></span> <span class='ocrx_word' id='word_1_86' title='bbox 2259 1556 2403 1653; x_wconf 87' lang='lat' dir='ltr'><strong>lege</strong></span> <span class='ocrx_word' id='word_1_87' title='bbox 2433 1560 2710 1645; x_wconf 83' lang='lat' dir='ltr'><strong>cecidit3</strong></span> <span class='ocrx_word' id='word_1_88' title='bbox 2746 1586 2828 1630; x_wconf 86' lang='lat' dir='ltr'><strong>ac</strong></span> <span class='ocrx_word' id='word_1_89' title='bbox 2854 1561 2983 1630; x_wconf 92' lang='lat' dir='ltr'><strong>do·</strong></span> 
     </span>
     <span class='ocr_line' id='line_1_12' title="bbox 835 1665 2984 1761; baseline 0 -26"><span class='ocrx_word' id='word_1_90' title='bbox 835 1669 1010 1754; x_wconf 84' lang='lat' dir='ltr'><strong>cuit,</strong></span> <span class='ocrx_word' id='word_1_91' title='bbox 1050 1665 1212 1735; x_wconf 88' lang='lat' dir='ltr'><strong>nihil</strong></span> <span class='ocrx_word' id='word_1_92' title='bbox 1243 1665 1416 1735; x_wconf 83' lang='lat' dir='ltr'><strong>aliud</strong></span> <span class='ocrx_word' id='word_1_93' title='bbox 1464 1666 1732 1760; x_wconf 81' lang='lat' dir='ltr'><strong>praecipi</strong></span> <span class='ocrx_word' id='word_1_94' title='bbox 1775 1665 2056 1750; x_wconf 83' lang='lat' dir='ltr'><strong>debere,</strong></span> <span class='ocrx_word' id='word_1_95' title='bbox 2100 1666 2221 1732; x_wconf 92' lang='lat' dir='ltr'><strong>nisi</strong></span> <span class='ocrx_word' id='word_1_96' title='bbox 2266 1665 2445 1758; x_wconf 89' lang='lat' dir='ltr'><strong>quod</strong></span> <span class='ocrx_word' id='word_1_97' title='bbox 2478 1668 2661 1759; x_wconf 87' lang='lat' dir='ltr'><strong>prius</strong></span> <span class='ocrx_word' id='word_1_98' title='bbox 2696 1668 2984 1761; x_wconf 88' lang='lat' dir='ltr'><strong>quisque</strong></span> 
     </span>
     <span class='ocr_line' id='line_1_13' title="bbox 834 1773 1444 1866; baseline -0.003 -26"><span class='ocrx_word' id='word_1_99' title='bbox 834 1774 956 1841; x_wconf 86' lang='lat' dir='ltr'>sibi</span> <span class='ocrx_word' id='word_1_100' title='bbox 1003 1773 1444 1866; x_wconf 83' lang='lat' dir='ltr'><strong>imperaverit.</strong></span> 
     </span>
    </p>

    <p class='ocr_par' dir='ltr' id='par_1_4' title="bbox 820 1863 2981 2501">
     <span class='ocr_line' id='line_1_14' title="bbox 941 1863 2981 1970; baseline 0.002 -26"><span class='ocrx_word' id='word_1_101' title='bbox 941 1883 1005 1964; x_wconf 77' lang='grc'><strong>4.</strong></span> <span class='ocrx_word' id='word_1_102' title='bbox 1052 1881 1135 1966; x_wconf 91' lang='lat' dir='ltr'><strong>Q.</strong></span> <span class='ocrx_word' id='word_1_103' title='bbox 1184 1893 1404 1946; x_wconf 83' lang='lat' dir='ltr'><strong>autem</strong></span> <span class='ocrx_word' id='word_1_104' title='bbox 1446 1879 1692 1947; x_wconf 84' lang='lat' dir='ltr'><strong>Varius</strong></span> <span class='ocrx_word' id='word_1_105' title='bbox 1720 1863 1767 1962; x_wconf 84' lang='lat'><strong>⁵,</strong></span> <span class='ocrx_word' id='word_1_106' title='bbox 1817 1890 2090 1970; x_wconf 84' lang='lat' dir='ltr'><strong>propter</strong></span> <span class='ocrx_word' id='word_1_107' title='bbox 2137 1878 2494 1947; x_wconf 86' lang='lat' dir='ltr'><strong>obscurum</strong></span> <span class='ocrx_word' id='word_1_108' title='bbox 2535 1879 2643 1970; x_wconf 87' lang='lat' dir='ltr'><strong>jus</strong></span> <span class='ocrx_word' id='word_1_109' title='bbox 2686 1881 2981 1949; x_wconf 81' lang='lat' dir='ltr'><strong>civitatis</strong></span> 
     </span>
     <span class='ocr_line' id='line_1_15' title="bbox 828 1982 2977 2079; baseline 0 -24"><span class='ocrx_word' id='word_1_110' title='bbox 828 1985 1148 2078; x_wconf 78' lang='lat' dir='ltr'><em>Hybrida</em></span> <span class='ocrx_word' id='word_1_111' title='bbox 1196 1984 1740 2078; x_wconf 74' lang='lat' dir='ltr'><strong>cognominatuS,</strong></span> <span class='ocrx_word' id='word_1_112' title='bbox 1782 1982 2085 2051; x_wconf 80' lang='lat' dir='ltr'><strong>tribunus</strong></span> <span class='ocrx_word' id='word_1_113' title='bbox 2131 1982 2341 2076; x_wconf 84' lang='lat' dir='ltr'><strong>plebis</strong></span> <span class='ocrx_word' id='word_1_114' title='bbox 2385 1983 2598 2079; x_wconf 86' lang='lat' dir='ltr'><strong>legem</strong></span> <span class='ocrx_word' id='word_1_115' title='bbox 2647 1985 2977 2056; x_wconf 86' lang='lat' dir='ltr'><strong>adversus</strong></span> 
     </span>
     <span class='ocr_line' id='line_1_16' title="bbox 824 2087 2973 2185; baseline 0 -25"><span class='ocrx_word' id='word_1_116' title='bbox 824 2092 1359 2160; x_wconf 84' lang='lat' dir='ltr'><strong>intercessionem</strong></span> <span class='ocrx_word' id='word_1_117' title='bbox 1389 2087 1793 2183; x_wconf 81' lang='lat' dir='ltr'><strong>collegarum</strong></span> <span class='ocrx_word' id='word_1_118' title='bbox 1823 2091 2235 2182; x_wconf 81' lang='lat' dir='ltr'><strong>perrogavit,</strong></span> <span class='ocrx_word' id='word_1_119' title='bbox 2261 2115 2407 2184; x_wconf 80' lang='lat' dir='ltr'><strong>quae</strong></span> <span class='ocrx_word' id='word_1_120' title='bbox 2427 2091 2701 2182; x_wconf 79' lang='lat' dir='ltr'><strong>jubebat</strong></span> <span class='ocrx_word' id='word_1_121' title='bbox 2724 2095 2937 2185; x_wconf 80' lang='lat' dir='ltr'><strong>quaeri</strong></span> <span class='ocrx_word' id='word_1_122' title='bbox 2953 2146 2973 2177; x_wconf 86' lang='lat'>‚</span> 
     </span>
     <span class='ocr_line' id='line_1_17' title="bbox 820 2195 2971 2292; baseline 0 -25"><span class='ocrx_word' id='word_1_123' title='bbox 820 2223 1104 2292; x_wconf 80' lang='lat' dir='ltr'><strong>quorum</strong></span> <span class='ocrx_word' id='word_1_124' title='bbox 1142 2197 1303 2265; x_wconf 87' lang='lat' dir='ltr'><strong>dolo</strong></span> <span class='ocrx_word' id='word_1_125' title='bbox 1334 2198 1518 2264; x_wconf 80' lang='lat' dir='ltr'><strong>malo</strong></span> <span class='ocrx_word' id='word_1_126' title='bbox 1554 2201 1730 2264; x_wconf 77' lang='lat' dir='ltr'><strong>socii</strong></span> <span class='ocrx_word' id='word_1_127' title='bbox 1751 2195 1856 2264; x_wconf 84' lang='lat' dir='ltr'><strong>ad</strong></span> <span class='ocrx_word' id='word_1_128' title='bbox 1884 2218 2083 2264; x_wconf 82' lang='lat' dir='ltr'><strong>arma</strong></span> <span class='ocrx_word' id='word_1_129' title='bbox 2123 2201 2222 2265; x_wconf 76' lang='lat' dir='ltr'><strong>ire</strong></span> <span class='ocrx_word' id='word_1_130' title='bbox 2256 2204 2492 2265; x_wconf 78' lang='lat' dir='ltr'><strong>coacti</strong></span> <span class='ocrx_word' id='word_1_131' title='bbox 2514 2214 2772 2284; x_wconf 81' lang='lat' dir='ltr'><strong>essent,</strong></span> <span class='ocrx_word' id='word_1_132' title='bbox 2825 2224 2971 2268; x_wconf 83' lang='lat' dir='ltr'><strong>ma·</strong></span> 
     </span>
     <span class='ocr_line' id='line_1_18' title="bbox 823 2286 2973 2399; baseline 0 -25"><span class='ocrx_word' id='word_1_133' title='bbox 823 2331 952 2399; x_wconf 82' lang='lat' dir='ltr'><strong>gna</strong></span> <span class='ocrx_word' id='word_1_134' title='bbox 991 2329 1140 2372; x_wconf 89' lang='lat' dir='ltr'><strong>cum</strong></span> <span class='ocrx_word' id='word_1_135' title='bbox 1179 2301 1366 2371; x_wconf 84' lang='lat' dir='ltr'><strong>clade</strong></span> <span class='ocrx_word' id='word_1_136' title='bbox 1401 2300 1822 2396; x_wconf 78' lang='lat' dir='ltr'><strong>reipublicae3</strong></span> <span class='ocrx_word' id='word_1_137' title='bbox 1855 2286 2131 2370; x_wconf 81' lang='lat' dir='ltr'><strong>sociale⁶</strong></span> <span class='ocrx_word' id='word_1_138' title='bbox 2155 2304 2333 2371; x_wconf 87' lang='lat' dir='ltr'><strong>enim</strong></span> <span class='ocrx_word' id='word_1_139' title='bbox 2371 2304 2589 2397; x_wconf 66' lang='lat' dir='ltr'><strong>prius»,</strong></span> <span class='ocrx_word' id='word_1_140' title='bbox 2615 2303 2855 2373; x_wconf 89' lang='lat' dir='ltr'><strong>deinde</strong></span> <span class='ocrx_word' id='word_1_141' title='bbox 2879 2309 2973 2374; x_wconf 87' lang='lat' dir='ltr'><strong>ci-</strong></span> 
     </span>
     <span class='ocr_line' id='line_1_19' title="bbox 823 2407 2964 2501; baseline 0.001 -23"><span class='ocrx_word' id='word_1_142' title='bbox 823 2410 949 2480; x_wconf 74' lang='lat' dir='ltr'><strong>vile</strong></span> <span class='ocrx_word' id='word_1_143' title='bbox 993 2409 1236 2479; x_wconf 88' lang='lat' dir='ltr'><strong>bellum</strong></span> <span class='ocrx_word' id='word_1_144' title='bbox 1274 2409 1623 2494; x_wconf 79' lang='lat' dir='ltr'><strong>excitavit3</strong></span> <span class='ocrx_word' id='word_1_145' title='bbox 1654 2407 1768 2477; x_wconf 90' lang='lat' dir='ltr'><strong>sed</strong></span> <span class='ocrx_word' id='word_1_146' title='bbox 1803 2407 1964 2475; x_wconf 82' lang='lat' dir='ltr'><strong>dum</strong></span> <span class='ocrx_word' id='word_1_147' title='bbox 2002 2422 2155 2477; x_wconf 84' lang='lat' dir='ltr'><strong>ante</strong></span> <span class='ocrx_word' id='word_1_148' title='bbox 2192 2408 2578 2501; x_wconf 83' lang='lat' dir='ltr'><strong>pestiferum</strong></span> <span class='ocrx_word' id='word_1_149' title='bbox 2616 2410 2964 2481; x_wconf 83' lang='lat' dir='ltr'><strong>tribunum</strong></span> 
     </span>
    </p>
   </div>
   <div class='ocr_carea' id='block_1_3' title="bbox 1927 2592 2959 2746">
    <p class='ocr_par' dir='ltr' id='par_1_5' title="bbox 1927 2592 2959 2746">
     <span class='ocr_line' id='line_1_20' title="bbox 2013 2592 2959 2651; baseline 0.006 -6"><span class='ocrx_word' id='word_1_150' title='bbox 2013 2592 2064 2645; x_wconf 83' lang='lat'><strong>5.</strong></span> <span class='ocrx_word' id='word_1_151' title='bbox 2106 2594 2304 2647; x_wconf 75' lang='lat' dir='ltr'><strong>Varius.</strong></span> <span class='ocrx_word' id='word_1_152' title='bbox 2352 2595 2418 2648; x_wconf 82' lang='grc' dir='ltr'><strong>Α.</strong></span> <span class='ocrx_word' id='word_1_153' title='bbox 2461 2595 2529 2647; x_wconf 88' lang='lat' dir='ltr'><strong>U.</strong></span> <span class='ocrx_word' id='word_1_154' title='bbox 2573 2599 2706 2648; x_wconf 77' lang='lat'><strong>662.</strong></span> <span class='ocrx_word' id='word_1_155' title='bbox 2751 2597 2865 2651; x_wconf 87' lang='lat' dir='ltr'><strong>Cic.</strong></span> <span class='ocrx_word' id='word_1_156' title='bbox 2904 2599 2959 2651; x_wconf 83' lang='lat' dir='ltr'><strong>in</strong></span> 
     </span>
     <span class='ocr_line' id='line_1_21' title="bbox 1927 2673 2958 2746; baseline 0.005 -22"><span class='ocrx_word' id='word_1_157' title='bbox 1927 2673 2076 2725; x_wconf 84' lang='lat' dir='ltr'><strong>Brut.</strong></span> <span class='ocrx_word' id='word_1_158' title='bbox 2093 2691 2109 2737; x_wconf 91' lang='lat'>;</span> <span class='ocrx_word' id='word_1_159' title='bbox 2150 2675 2376 2745; x_wconf 69' lang='lat' dir='ltr'><strong>Appiam.</strong></span> <span class='ocrx_word' id='word_1_160' title='bbox 2404 2674 2522 2728; x_wconf 84' lang='lat' dir='ltr'><strong>Civ.</strong></span> <span class='ocrx_word' id='word_1_161' title='bbox 2542 2677 2587 2728; x_wconf 91' lang='lat'><strong>1.</strong></span> <span class='ocrx_word' id='word_1_162' title='bbox 2606 2708 2685 2716; x_wconf 92' lang='lat'><em>—</em></span> <span class='ocrx_word' id='word_1_163' title='bbox 2702 2677 2958 2746; x_wconf 63' lang='lat' dir='ltr'><strong>Hffrida.</strong></span> 
     </span>
    </p>
   </div>
   <div class='ocr_carea' id='block_1_4' title="bbox 904 2570 1841 2661">
    <p class='ocr_par' dir='ltr' id='par_1_6' title="bbox 904 2570 1841 2661">
     <span class='ocr_line' id='line_1_22' title="bbox 904 2570 1841 2661; baseline -0.007 -10"><span class='ocrx_word' id='word_1_164' title='bbox 904 2618 925 2651; x_wconf 85' lang='lat'>1</span> <span class='ocrx_word' id='word_1_165' title='bbox 941 2639 952 2650; x_wconf 91' lang='lat'><strong>.</strong></span> <span class='ocrx_word' id='word_1_166' title='bbox 994 2595 1211 2652; x_wconf 76' lang='lat' dir='ltr'><strong>Sublato.</strong></span> <span class='ocrx_word' id='word_1_167' title='bbox 1238 2594 1447 2647; x_wconf 84' lang='lat' dir='ltr'><strong>Scilicet</strong></span> <span class='ocrx_word' id='word_1_168' title='bbox 1471 2594 1528 2645; x_wconf 89' lang='lat' dir='ltr'><strong>in</strong></span> <span class='ocrx_word' id='word_1_169' title='bbox 1556 2594 1721 2646; x_wconf 76' lang='lat' dir='ltr'><strong>altum</strong></span> <span class='ocrx_word' id='word_1_170' title='bbox 1738 2634 1752 2661; x_wconf 88' lang='lat'>,</span> <span class='ocrx_word' id='word_1_171' title='bbox 1781 2570 1841 2645; x_wconf 79' lang='lat' dir='ltr'><strong>ut</strong></span> 
     </span>
    </p>
   </div>
   <div class='ocr_carea' id='block_1_5' title="bbox 788 2676 1836 4178">
    <p class='ocr_par' dir='ltr' id='par_1_7' title="bbox 811 2676 1484 2746">
     <span class='ocr_line' id='line_1_23' title="bbox 811 2676 1484 2746; baseline -0.009 -15"><span class='ocrx_word' id='word_1_172' title='bbox 811 2680 1109 2731; x_wconf 81' lang='lat' dir='ltr'><strong>libertatem</strong></span> <span class='ocrx_word' id='word_1_173' title='bbox 1138 2676 1484 2746; x_wconf 82' lang='lat' dir='ltr'><strong>promitteret.</strong></span> 
     </span>
    </p>

    <p class='ocr_par' dir='ltr' id='par_1_8' title="bbox 811 2753 1836 2972">
     <span class='ocr_line' id='line_1_24' title="bbox 901 2753 1836 2824; baseline -0.006 -14"><span class='ocrx_word' id='word_1_174' title='bbox 901 2778 953 2810; x_wconf 77' lang='lat'><strong>2.</strong></span> <span class='ocrx_word' id='word_1_175' title='bbox 996 2757 1233 2808; x_wconf 74' lang='lat' dir='ltr'><strong>Alterum.</strong></span> <span class='ocrx_word' id='word_1_176' title='bbox 1280 2754 1481 2805; x_wconf 78' lang='lat' dir='ltr'><strong>Sullam</strong></span> <span class='ocrx_word' id='word_1_177' title='bbox 1529 2766 1659 2824; x_wconf 79' lang='lat' dir='ltr'><strong>puta</strong></span> <span class='ocrx_word' id='word_1_178' title='bbox 1680 2794 1695 2818; x_wconf 89' lang='lat'>,</span> <span class='ocrx_word' id='word_1_179' title='bbox 1745 2753 1836 2823; x_wconf 92' lang='lat' dir='ltr'><strong>qui</strong></span> 
     </span>
     <span class='ocr_line' id='line_1_25' title="bbox 813 2831 1835 2904; baseline -0.005 -13"><span class='ocrx_word' id='word_1_180' title='bbox 813 2838 957 2892; x_wconf 85' lang='lat' dir='ltr'><strong>idem</strong></span> <span class='ocrx_word' id='word_1_181' title='bbox 990 2837 1209 2899; x_wconf 79' lang='lat' dir='ltr'><strong>faceret,</strong></span> <span class='ocrx_word' id='word_1_182' title='bbox 1243 2831 1389 2904; x_wconf 88' lang='lat' dir='ltr'><strong>quod</strong></span> <span class='ocrx_word' id='word_1_183' title='bbox 1425 2833 1627 2886; x_wconf 84' lang='lat' dir='ltr'><strong>Marius</strong></span> <span class='ocrx_word' id='word_1_184' title='bbox 1654 2833 1835 2886; x_wconf 77' lang='lat' dir='ltr'><strong>Satur-</strong></span> 
     </span>
     <span class='ocr_line' id='line_1_26' title="bbox 811 2915 1322 2972; baseline -0.014 1"><span class='ocrx_word' id='word_1_185' title='bbox 811 2920 959 2972; x_wconf 81' lang='lat' dir='ltr'><strong>nine.</strong></span> <span class='ocrx_word' id='word_1_186' title='bbox 991 2918 1057 2968; x_wconf 83' lang='lat' dir='ltr'><strong>A.</strong></span> <span class='ocrx_word' id='word_1_187' title='bbox 1091 2917 1161 2968; x_wconf 90' lang='lat' dir='ltr'><strong>U.</strong></span> <span class='ocrx_word' id='word_1_188' title='bbox 1191 2915 1322 2967; x_wconf 84' lang='lat'><strong>665.</strong></span> 
     </span>
    </p>

    <p class='ocr_par' dir='ltr' id='par_1_9' title="bbox 808 2993 1832 3221">
     <span class='ocr_line' id='line_1_27' title="bbox 891 2993 1831 3061; baseline -0.007 -10"><span class='ocrx_word' id='word_1_189' title='bbox 891 3000 943 3051; x_wconf 86' lang='lat'><strong>3.</strong></span> <span class='ocrx_word' id='word_1_190' title='bbox 975 2995 1129 3049; x_wconf 83' lang='lat' dir='ltr'><em>Stolo.</em></span> <span class='ocrx_word' id='word_1_191' title='bbox 1165 2996 1228 3046; x_wconf 85' lang='lat' dir='ltr'><strong>A.</strong></span> <span class='ocrx_word' id='word_1_192' title='bbox 1258 2994 1327 3047; x_wconf 90' lang='lat' dir='ltr'><strong>U.</strong></span> <span class='ocrx_word' id='word_1_193' title='bbox 1365 2995 1513 3061; x_wconf 82' lang='lat'><strong>3963</strong></span> <span class='ocrx_word' id='word_1_194' title='bbox 1541 2993 1662 3045; x_wconf 79' lang='lat' dir='ltr'><strong>Liv.</strong></span> <span class='ocrx_word' id='word_1_195' title='bbox 1695 2993 1831 3058; x_wconf 88' lang='lat' dir='ltr'>VII,</span> 
     </span>
     <span class='ocr_line' id='line_1_28' title="bbox 816 3072 1832 3143; baseline -0.009 -11"><span class='ocrx_word' id='word_1_196' title='bbox 816 3083 923 3143; x_wconf 85' lang='lat'><strong>16;</strong></span> <span class='ocrx_word' id='word_1_197' title='bbox 955 3076 1135 3130; x_wconf 76' lang='lat' dir='ltr'><strong>Aurel.</strong></span> <span class='ocrx_word' id='word_1_198' title='bbox 1173 3075 1316 3127; x_wconf 86' lang='lat' dir='ltr'><strong>Vict.</strong></span> <span class='ocrx_word' id='word_1_199' title='bbox 1352 3074 1492 3126; x_wconf 89' lang='lat' dir='ltr'><strong>Plut.</strong></span> <span class='ocrx_word' id='word_1_200' title='bbox 1527 3074 1586 3123; x_wconf 89' lang='lat' dir='ltr'><strong>in</strong></span> <span class='ocrx_word' id='word_1_201' title='bbox 1624 3072 1832 3142; x_wconf 51' lang='lat' dir='ltr'><strong>Camil).</strong></span> 
     </span>
     <span class='ocr_line' id='line_1_29' title="bbox 808 3152 1828 3221; baseline -0.008 -9"><span class='ocrx_word' id='word_1_202' title='bbox 808 3160 919 3214; x_wconf 71' lang='lat' dir='ltr'><strong>Lex</strong></span> <span class='ocrx_word' id='word_1_203' title='bbox 935 3159 1038 3212; x_wconf 78' lang='lat' dir='ltr'><strong>lata</strong></span> <span class='ocrx_word' id='word_1_204' title='bbox 1051 3158 1117 3208; x_wconf 85' lang='lat' dir='ltr'><strong>A.</strong></span> <span class='ocrx_word' id='word_1_205' title='bbox 1134 3156 1205 3207; x_wconf 88' lang='lat' dir='ltr'><strong>U.</strong></span> <span class='ocrx_word' id='word_1_206' title='bbox 1222 3155 1361 3221; x_wconf 75' lang='lat'><strong>3963</strong></span> <span class='ocrx_word' id='word_1_207' title='bbox 1381 3153 1518 3204; x_wconf 87' lang='lat' dir='ltr'><strong>Plin.</strong></span> <span class='ocrx_word' id='word_1_208' title='bbox 1541 3152 1752 3216; x_wconf 81' lang='lat' dir='ltr'><strong>xvffl,</strong></span> <span class='ocrx_word' id='word_1_209' title='bbox 1775 3153 1828 3205; x_wconf 87' lang='lat'><strong>3.</strong></span> 
     </span>
    </p>

    <p class='ocr_par' dir='ltr' id='par_1_10' title="bbox 788 3235 1832 4178">
     <span class='ocr_line' id='line_1_30' title="bbox 888 3235 1830 3304; baseline -0.004 -15"><span class='ocrx_word' id='word_1_210' title='bbox 888 3245 941 3302; x_wconf 75' lang='grc'><strong>4.</strong></span> <span class='ocrx_word' id='word_1_211' title='bbox 988 3237 1342 3304; x_wconf 72' lang='lat' dir='ltr'><strong>Emancipavit.</strong></span> <span class='ocrx_word' id='word_1_212' title='bbox 1387 3235 1709 3302; x_wconf 71' lang='lat' dir='ltr'><strong>Emancipato</strong></span> <span class='ocrx_word' id='word_1_213' title='bbox 1752 3245 1830 3285; x_wconf 86' lang='lat' dir='ltr'><strong>est</strong></span> 
     </span>
     <span class='ocr_line' id='line_1_31' title="bbox 803 3311 1832 3389; baseline -0.004 -20"><span class='ocrx_word' id='word_1_214' title='bbox 803 3336 901 3389; x_wconf 85' lang='lat' dir='ltr'><strong>per</strong></span> <span class='ocrx_word' id='word_1_215' title='bbox 918 3314 1279 3385; x_wconf 77' lang='lat' dir='ltr'><strong>imaginariam</strong></span> <span class='ocrx_word' id='word_1_216' title='bbox 1298 3311 1661 3364; x_wconf 84' lang='lat' dir='ltr'><strong>venditionem</strong></span> <span class='ocrx_word' id='word_1_217' title='bbox 1681 3311 1832 3365; x_wconf 78' lang='lat' dir='ltr'><strong>addi-</strong></span> 
     </span>
     <span class='ocr_line' id='line_1_32' title="bbox 802 3390 1826 3465; baseline -0.008 -14"><span class='ocrx_word' id='word_1_218' title='bbox 802 3415 921 3451; x_wconf 86' lang='lat' dir='ltr'><strong>cere</strong></span> <span class='ocrx_word' id='word_1_219' title='bbox 930 3394 1103 3460; x_wconf 76' lang='lat' dir='ltr'><strong>alicui,</strong></span> <span class='ocrx_word' id='word_1_220' title='bbox 1118 3395 1200 3445; x_wconf 77' lang='lat' dir='ltr'><strong>vel</strong></span> <span class='ocrx_word' id='word_1_221' title='bbox 1210 3394 1397 3465; x_wconf 80' lang='lat' dir='ltr'><strong>quovis</strong></span> <span class='ocrx_word' id='word_1_222' title='bbox 1405 3390 1568 3444; x_wconf 85' lang='lat' dir='ltr'><strong>modo</strong></span> <span class='ocrx_word' id='word_1_223' title='bbox 1581 3391 1826 3455; x_wconf 83' lang='lat' dir='ltr'><strong>alienare,</strong></span> 
     </span>
     <span class='ocr_line' id='line_1_33' title="bbox 803 3472 1824 3544; baseline -0.008 -14"><span class='ocrx_word' id='word_1_224' title='bbox 803 3490 858 3530; x_wconf 91' lang='lat' dir='ltr'><strong>et</strong></span> <span class='ocrx_word' id='word_1_225' title='bbox 900 3478 958 3528; x_wconf 84' lang='lat' dir='ltr'><strong>in</strong></span> <span class='ocrx_word' id='word_1_226' title='bbox 989 3473 1204 3528; x_wconf 80' lang='lat' dir='ltr'><strong>alterius</strong></span> <span class='ocrx_word' id='word_1_227' title='bbox 1241 3475 1360 3544; x_wconf 75' lang='lat' dir='ltr'><strong>jura</strong></span> <span class='ocrx_word' id='word_1_228' title='bbox 1395 3472 1706 3535; x_wconf 79' lang='lat' dir='ltr'><strong>transferre,</strong></span> <span class='ocrx_word' id='word_1_229' title='bbox 1742 3472 1824 3522; x_wconf 83' lang='lat' dir='ltr'><strong>vel</strong></span> 
     </span>
     <span class='ocr_line' id='line_1_34' title="bbox 800 3551 1822 3621; baseline -0.008 -11"><span class='ocrx_word' id='word_1_230' title='bbox 800 3558 945 3610; x_wconf 90' lang='lat' dir='ltr'><strong>dono</strong></span> <span class='ocrx_word' id='word_1_231' title='bbox 962 3555 1119 3607; x_wconf 77' lang='lat' dir='ltr'><strong>etiam</strong></span> <span class='ocrx_word' id='word_1_232' title='bbox 1147 3551 1290 3606; x_wconf 78' lang='lat' dir='ltr'><strong>dare.</strong></span> <span class='ocrx_word' id='word_1_233' title='bbox 1319 3554 1453 3605; x_wconf 81' lang='lat' dir='ltr'><strong>Nam</strong></span> <span class='ocrx_word' id='word_1_234' title='bbox 1481 3570 1647 3621; x_wconf 85' lang='lat' dir='ltr'><strong>quum</strong></span> <span class='ocrx_word' id='word_1_235' title='bbox 1668 3552 1822 3603; x_wconf 85' lang='lat' dir='ltr'><strong>Taci-</strong></span> 
     </span>
     <span class='ocr_line' id='line_1_35' title="bbox 801 3633 1820 3703; baseline -0.011 -12"><span class='ocrx_word' id='word_1_236' title='bbox 801 3653 883 3691; x_wconf 81' lang='lat' dir='ltr'><strong>tus</strong></span> <span class='ocrx_word' id='word_1_237' title='bbox 902 3675 918 3703; x_wconf 84' lang='lat'>‚</span> <span class='ocrx_word' id='word_1_238' title='bbox 952 3634 1303 3688; x_wconf 80' lang='lat' dir='ltr'><strong>Historiarum</strong></span> <span class='ocrx_word' id='word_1_239' title='bbox 1343 3633 1435 3685; x_wconf 87' lang='lat' dir='ltr'><strong>lib.</strong></span> <span class='ocrx_word' id='word_1_240' title='bbox 1463 3633 1522 3697; x_wconf 88' lang='lat'><strong>1,</strong></span> <span class='ocrx_word' id='word_1_241' title='bbox 1562 3650 1677 3701; x_wconf 76' lang='lat' dir='ltr'><strong>cap.</strong></span> <span class='ocrx_word' id='word_1_242' title='bbox 1715 3637 1785 3692; x_wconf 69' lang='lat'><strong>24</strong></span> <span class='ocrx_word' id='word_1_243' title='bbox 1804 3671 1820 3697; x_wconf 86' lang='lat'>,</span> 
     </span>
     <span class='ocr_line' id='line_1_36' title="bbox 800 3709 1818 3785; baseline -0.01 -14"><span class='ocrx_word' id='word_1_244' title='bbox 800 3734 926 3776; x_wconf 76' lang='lat' dir='ltr'><strong>tom.</strong></span> <span class='ocrx_word' id='word_1_245' title='bbox 958 3715 1075 3779; x_wconf 85' lang='lat'>111,</span> <span class='ocrx_word' id='word_1_246' title='bbox 1110 3731 1228 3785; x_wconf 81' lang='lat' dir='ltr'>pag.</span> <span class='ocrx_word' id='word_1_247' title='bbox 1264 3714 1363 3776; x_wconf 73' lang='lat'><strong>43,</strong></span> <span class='ocrx_word' id='word_1_248' title='bbox 1400 3723 1593 3776; x_wconf 73' lang='lat' dir='ltr'><strong>nostrae</strong></span> <span class='ocrx_word' id='word_1_249' title='bbox 1627 3709 1818 3762; x_wconf 89' lang='lat' dir='ltr'><strong>editio-</strong></span> 
     </span>
     <span class='ocr_line' id='line_1_37' title="bbox 795 3789 1817 3862; baseline -0.01 -11"><span class='ocrx_word' id='word_1_250' title='bbox 795 3800 902 3862; x_wconf 80' lang='lat' dir='ltr'><strong>nis,</strong></span> <span class='ocrx_word' id='word_1_251' title='bbox 927 3795 1140 3849; x_wconf 77' lang='lat' dir='ltr'><strong>scribit:</strong></span> <span class='ocrx_word' id='word_1_252' title='bbox 1169 3819 1191 3839; x_wconf 71' lang='grc' dir='ltr'>κ</span> <span class='ocrx_word' id='word_1_253' title='bbox 1210 3792 1479 3845; x_wconf 79' lang='lat' dir='ltr'><strong>Othonem</strong></span> <span class='ocrx_word' id='word_1_254' title='bbox 1500 3790 1730 3843; x_wconf 87' lang='lat' dir='ltr'><strong>Proculo</strong></span> <span class='ocrx_word' id='word_1_255' title='bbox 1749 3789 1817 3842; x_wconf 90' lang='lat' dir='ltr'><strong>de</strong></span> 
     </span>
     <span class='ocr_line' id='line_1_38' title="bbox 792 3870 1811 3950; baseline -0.009 -20"><span class='ocrx_word' id='word_1_256' title='bbox 792 3889 941 3950; x_wconf 81' lang='lat' dir='ltr'><strong>parte</strong></span> <span class='ocrx_word' id='word_1_257' title='bbox 953 3875 1141 3928; x_wconf 83' lang='lat' dir='ltr'><strong>finium</strong></span> <span class='ocrx_word' id='word_1_258' title='bbox 1159 3891 1281 3925; x_wconf 85' lang='lat' dir='ltr'><strong>cum</strong></span> <span class='ocrx_word' id='word_1_259' title='bbox 1298 3871 1474 3924; x_wconf 82' lang='lat' dir='ltr'><strong>vicino</strong></span> <span class='ocrx_word' id='word_1_260' title='bbox 1492 3870 1811 3940; x_wconf 75' lang='lat' dir='ltr'><strong>ambigenti,</strong></span> 
     </span>
     <span class='ocr_line' id='line_1_39' title="bbox 791 3953 1815 4023; baseline -0.009 -13"><span class='ocrx_word' id='word_1_261' title='bbox 791 3961 1051 4010; x_wconf 73' lang='lat' dir='ltr'><strong>universum</strong></span> <span class='ocrx_word' id='word_1_262' title='bbox 1084 3972 1254 4023; x_wconf 77' lang='lat' dir='ltr'><strong>agrum</strong></span> <span class='ocrx_word' id='word_1_263' title='bbox 1294 3955 1446 4004; x_wconf 72' lang='lat' dir='ltr'><strong>‘vicini</strong></span> <span class='ocrx_word' id='word_1_264' title='bbox 1484 3970 1574 4001; x_wconf 82' lang='lat' dir='ltr'><strong>sua</strong></span> <span class='ocrx_word' id='word_1_265' title='bbox 1611 3953 1815 4019; x_wconf 74' lang='lat' dir='ltr'><strong>pecunia</strong></span> 
     </span>
     <span class='ocr_line' id='line_1_40' title="bbox 788 4030 1810 4106; baseline -0.006 -18"><span class='ocrx_word' id='word_1_266' title='bbox 788 4049 990 4106; x_wconf 78' lang='lat' dir='ltr'><strong>emptum</strong></span> <span class='ocrx_word' id='word_1_267' title='bbox 1021 4035 1146 4084; x_wconf 84' lang='lat' dir='ltr'><strong>dono</strong></span> <span class='ocrx_word' id='word_1_268' title='bbox 1185 4032 1400 4095; x_wconf 74' lang='lat' dir='ltr'><strong>dedisse,-</strong></span> <span class='ocrx_word' id='word_1_269' title='bbox 1417 4043 1439 4062; x_wconf 82' lang='lat'>⁸</span> <span class='ocrx_word' id='word_1_270' title='bbox 1489 4031 1707 4083; x_wconf 88' lang='lat' dir='ltr'><strong>Sueton.</strong></span> <span class='ocrx_word' id='word_1_271' title='bbox 1754 4030 1810 4082; x_wconf 88' lang='lat' dir='ltr'><strong>in</strong></span> 
     </span>
     <span class='ocr_line' id='line_1_41' title="bbox 790 4111 1807 4178; baseline -0.007 -10"><span class='ocrx_word' id='word_1_272' title='bbox 790 4116 1004 4168; x_wconf 78' lang='lat' dir='ltr'><strong>Othone</strong></span> <span class='ocrx_word' id='word_1_273' title='bbox 1034 4121 1065 4176; x_wconf 72' lang='grc' dir='ltr'><em>ά</em></span> <span class='ocrx_word' id='word_1_274' title='bbox 1085 4154 1100 4178; x_wconf 85' lang='grc'>,</span> <span class='ocrx_word' id='word_1_275' title='bbox 1133 4111 1370 4165; x_wconf 80' lang='lat' dir='ltr'><strong>eamdem</strong></span> <span class='ocrx_word' id='word_1_276' title='bbox 1411 4130 1526 4163; x_wconf 86' lang='lat' dir='ltr'><strong>rem</strong></span> <span class='ocrx_word' id='word_1_277' title='bbox 1565 4128 1807 4175; x_wconf 78' lang='lat' dir='ltr'><strong>narrans,</strong></span> 
     </span>
    </p>
   </div>
   <div class='ocr_carea' id='block_1_6' title="bbox 781 4191 1359 4264">
    <p class='ocr_par' dir='ltr' id='par_1_11' title="bbox 781 4191 1359 4264">
     <span class='ocr_line' id='line_1_42' title="bbox 781 4191 1359 4264; baseline -0.01 -15"><span class='ocrx_word' id='word_1_278' title='bbox 781 4198 1098 4264; x_wconf 79' lang='lat' dir='ltr'><strong>emancipasse</strong></span> <span class='ocrx_word' id='word_1_279' title='bbox 1123 4191 1272 4245; x_wconf 83' lang='lat' dir='ltr'><strong>dixit.</strong></span> <span class='ocrx_word' id='word_1_280' title='bbox 1346 4212 1359 4226; x_wconf 92' lang='lat'><strong>·</strong></span> 
     </span>
    </p>
   </div>
   <div class='ocr_carea' id='block_1_7' title="bbox 1904 2754 2959 4020">
    <p class='ocr_par' dir='ltr' id='par_1_12' title="bbox 1904 2754 2959 4020">
     <span class='ocr_line' id='line_1_43' title="bbox 1926 2754 2959 2821; baseline 0.007 -18"><span class='ocrx_word' id='word_1_281' title='bbox 1926 2754 2011 2804; x_wconf 81' lang='lat' dir='ltr'><strong>An</strong></span> <span class='ocrx_word' id='word_1_282' title='bbox 2041 2755 2361 2806; x_wconf 80' lang='lat' dir='ltr'><strong>contumelia</strong></span> <span class='ocrx_word' id='word_1_283' title='bbox 2388 2754 2457 2806; x_wconf 78' lang='lat' dir='ltr'><strong>ita</strong></span> <span class='ocrx_word' id='word_1_284' title='bbox 2486 2755 2553 2807; x_wconf 83' lang='lat' dir='ltr'><strong>sit</strong></span> <span class='ocrx_word' id='word_1_285' title='bbox 2577 2769 2824 2821; x_wconf 78' lang='lat' dir='ltr'><strong>vocatus,</strong></span> <span class='ocrx_word' id='word_1_286' title='bbox 2853 2756 2959 2810; x_wconf 87' lang='lat' dir='ltr'><strong>du-</strong></span> 
     </span>
     <span class='ocr_line' id='line_1_44' title="bbox 1924 2832 2955 2902; baseline 0.007 -18"><span class='ocrx_word' id='word_1_287' title='bbox 1924 2832 2224 2885; x_wconf 83' lang='lat' dir='ltr'><strong>bitaverunt</strong></span> <span class='ocrx_word' id='word_1_288' title='bbox 2233 2834 2498 2886; x_wconf 80' lang='lat' dir='ltr'><strong>nonnulli.</strong></span> <span class='ocrx_word' id='word_1_289' title='bbox 2510 2835 2645 2887; x_wconf 85' lang='lat' dir='ltr'><strong>Plin.</strong></span> <span class='ocrx_word' id='word_1_290' title='bbox 2656 2835 2750 2889; x_wconf 88' lang='lat' dir='ltr'><strong>lib.</strong></span> <span class='ocrx_word' id='word_1_291' title='bbox 2762 2837 2835 2901; x_wconf 89' lang='lat' dir='ltr'><strong>V,</strong></span> <span class='ocrx_word' id='word_1_292' title='bbox 2850 2838 2881 2889; x_wconf 83' lang='lat'><strong>5</strong></span> <span class='ocrx_word' id='word_1_293' title='bbox 2894 2858 2923 2890; x_wconf 68' lang='grc' dir='ltr'>ι</span> <span class='ocrx_word' id='word_1_294' title='bbox 2936 2877 2955 2902; x_wconf 84' lang='grc'><em>,</em></span> 
     </span>
     <span class='ocr_line' id='line_1_45' title="bbox 1923 2909 2956 2987; baseline 0.006 -24"><span class='ocrx_word' id='word_1_295' title='bbox 1923 2909 1990 2964; x_wconf 85' lang='lat' dir='ltr'><strong>de</strong></span> <span class='ocrx_word' id='word_1_296' title='bbox 2012 2913 2227 2967; x_wconf 76' lang='lat' dir='ltr'><strong>suibus:</strong></span> <span class='ocrx_word' id='word_1_297' title='bbox 2264 2939 2284 2960; x_wconf 78' lang='grc' dir='ltr'>ι</span> <span class='ocrx_word' id='word_1_298' title='bbox 2302 2915 2362 2965; x_wconf 82' lang='lat' dir='ltr'><strong>In</strong></span> <span class='ocrx_word' id='word_1_299' title='bbox 2384 2914 2703 2984; x_wconf 30' lang='lat' dir='ltr'><strong>nullo-genem</strong></span> <span class='ocrx_word' id='word_1_300' title='bbox 2720 2920 2956 2987; x_wconf 71' lang='lat' dir='ltr'><strong>aeques«-</strong></span> 
     </span>
     <span class='ocr_line' id='line_1_46' title="bbox 1922 2992 2957 3070; baseline 0.008 -29"><span class='ocrx_word' id='word_1_301' title='bbox 1922 2992 2027 3042; x_wconf 80' lang='lat' dir='ltr'><strong>cilis</strong></span> <span class='ocrx_word' id='word_1_302' title='bbox 2050 2997 2258 3044; x_wconf 72' lang='lat' dir='ltr'><strong>mixtur-a</strong></span> <span class='ocrx_word' id='word_1_303' title='bbox 2283 3013 2387 3044; x_wconf 81' lang='lat' dir='ltr'><strong>cum</strong></span> <span class='ocrx_word' id='word_1_304' title='bbox 2398 2996 2513 3061; x_wconf 81' lang='lat' dir='ltr'><strong>sero</strong></span> <span class='ocrx_word' id='word_1_305' title='bbox 2536 2996 2790 3070; x_wconf 32' lang='lat' dir='ltr'><strong>:xqualiter</strong></span> <span class='ocrx_word' id='word_1_306' title='bbox 2810 3010 2957 3049; x_wconf 81' lang='lat' dir='ltr'><strong>natos</strong></span> 
     </span>
     <span class='ocr_line' id='line_1_47' title="bbox 1922 3072 2953 3150; baseline 0.008 -29"><span class='ocrx_word' id='word_1_307' title='bbox 1922 3075 2109 3142; x_wconf 75' lang='lat' dir='ltr'><strong>antiqui</strong></span> <span class='ocrx_word' id='word_1_308' title='bbox 2128 3072 2385 3142; x_wconf 73' lang='lat' dir='ltr'><strong>Hybridas</strong></span> <span class='ocrx_word' id='word_1_309' title='bbox 2410 3074 2677 3150; x_wconf 70' lang='lat' dir='ltr'><strong>vocabanf5</strong></span> <span class='ocrx_word' id='word_1_310' title='bbox 2703 3075 2773 3125; x_wconf 83' lang='lat' dir='ltr'><strong>ad</strong></span> <span class='ocrx_word' id='word_1_311' title='bbox 2793 3076 2953 3130; x_wconf 73' lang='lat' dir='ltr'><strong>homi-</strong></span> 
     </span>
     <span class='ocr_line' id='line_1_48' title="bbox 1920 3145 2955 3223; baseline 0.01 -23"><span class='ocrx_word' id='word_1_312' title='bbox 1920 3169 2001 3201; x_wconf 82' lang='lat' dir='ltr'><strong>nes</strong></span> <span class='ocrx_word' id='word_1_313' title='bbox 2040 3145 2245 3223; x_wconf 76' lang='lat' dir='ltr'><strong>quaque,</strong></span> <span class='ocrx_word' id='word_1_314' title='bbox 2287 3165 2342 3203; x_wconf 81' lang='lat' dir='ltr'><strong>ut</strong></span> <span class='ocrx_word' id='word_1_315' title='bbox 2384 3154 2443 3206; x_wconf 85' lang='lat' dir='ltr'><strong>C.</strong></span> <span class='ocrx_word' id='word_1_316' title='bbox 2475 3154 2769 3217; x_wconf 76' lang='lat' dir='ltr'><strong>Antonium,</strong></span> <span class='ocrx_word' id='word_1_317' title='bbox 2811 3156 2955 3209; x_wconf 75' lang='lat' dir='ltr'><strong>Cice-</strong></span> 
     </span>
     <span class='ocr_line' id='line_1_49' title="bbox 1920 3233 2951 3305; baseline 0.008 -26"><span class='ocrx_word' id='word_1_318' title='bbox 1920 3233 2049 3281; x_wconf 75' lang='lat' dir='ltr'><strong>rom&#39;s</strong></span> <span class='ocrx_word' id='word_1_319' title='bbox 2073 3235 2122 3282; x_wconf 80' lang='lat' dir='ltr'><strong>ia</strong></span> <span class='ocrx_word' id='word_1_320' title='bbox 2152 3233 2401 3284; x_wconf 78' lang='lat' dir='ltr'><strong>consulatu</strong></span> <span class='ocrx_word' id='word_1_321' title='bbox 2430 3233 2661 3303; x_wconf 76' lang='lat' dir='ltr'><strong>collegam</strong></span> <span class='ocrx_word' id='word_1_322' title='bbox 2679 3270 2694 3291; x_wconf 91' lang='lat'>,</span> <span class='ocrx_word' id='word_1_323' title='bbox 2729 3238 2951 3305; x_wconf 79' lang='lat' dir='ltr'><strong>appella-</strong></span> 
     </span>
     <span class='ocr_line' id='line_1_50' title="bbox 1922 3311 2949 3385; baseline 0.011 -27"><span class='ocrx_word' id='word_1_324' title='bbox 1922 3314 2046 3361; x_wconf 78' lang='lat' dir='ltr'><strong>tione</strong></span> <span class='ocrx_word' id='word_1_325' title='bbox 2081 3313 2334 3364; x_wconf 77' lang='lat' dir='ltr'><strong>translata.</strong></span> <span class='ocrx_word' id='word_1_326' title='bbox 2361 3325 2382 3343; x_wconf 81' lang='lat'>¹</span> <span class='ocrx_word' id='word_1_327' title='bbox 2423 3313 2510 3364; x_wconf 92' lang='lat' dir='ltr'><strong>Sic</strong></span> <span class='ocrx_word' id='word_1_328' title='bbox 2536 3311 2766 3379; x_wconf 85' lang='lat' dir='ltr'><strong>dictum,</strong></span> <span class='ocrx_word' id='word_1_329' title='bbox 2796 3316 2949 3385; x_wconf 84' lang='lat' dir='ltr'><strong>quod</strong></span> 
     </span>
     <span class='ocr_line' id='line_1_51' title="bbox 1917 3391 2949 3464; baseline 0.006 -23"><span class='ocrx_word' id='word_1_330' title='bbox 1917 3391 2302 3445; x_wconf 80' lang='lat' dir='ltr'><strong>contumeliose</strong></span> <span class='ocrx_word' id='word_1_331' title='bbox 2320 3392 2486 3444; x_wconf 76' lang='lat' dir='ltr'><strong>mixto</strong></span> <span class='ocrx_word' id='word_1_332' title='bbox 2499 3392 2754 3464; x_wconf 82' lang='lat' dir='ltr'><strong>sanguine</strong></span> <span class='ocrx_word' id='word_1_333' title='bbox 2769 3409 2949 3462; x_wconf 73' lang='lat' dir='ltr'><strong>natus,</strong></span> 
     </span>
     <span class='ocr_line' id='line_1_52' title="bbox 1914 3468 2945 3536; baseline 0.008 -16"><span class='ocrx_word' id='word_1_334' title='bbox 1914 3481 1967 3520; x_wconf 86' lang='lat' dir='ltr'><strong>et</strong></span> <span class='ocrx_word' id='word_1_335' title='bbox 1985 3468 2209 3524; x_wconf 89' lang='lat' dir='ltr'><strong>dubium</strong></span> <span class='ocrx_word' id='word_1_336' title='bbox 2228 3486 2387 3536; x_wconf 83' lang='lat' dir='ltr'><strong>esset,</strong></span> <span class='ocrx_word' id='word_1_337' title='bbox 2412 3491 2478 3524; x_wconf 81' lang='lat' dir='ltr'><strong>an</strong></span> <span class='ocrx_word' id='word_1_338' title='bbox 2500 3470 2718 3525; x_wconf 84' lang='lat' dir='ltr'><strong>deberet</strong></span> <span class='ocrx_word' id='word_1_339' title='bbox 2736 3477 2945 3529; x_wconf 77' lang='lat' dir='ltr'><strong>censeri</strong></span> 
     </span>
     <span class='ocr_line' id='line_1_53' title="bbox 1912 3548 2946 3621; baseline 0.008 -21"><span class='ocrx_word' id='word_1_340' title='bbox 1912 3549 2043 3600; x_wconf 81' lang='lat' dir='ltr'><strong>civis</strong></span> <span class='ocrx_word' id='word_1_341' title='bbox 2053 3568 2187 3602; x_wconf 87' lang='lat' dir='ltr'><strong>rom.</strong></span> <span class='ocrx_word' id='word_1_342' title='bbox 2203 3590 2217 3615; x_wconf 91' lang='lat'>,</span> <span class='ocrx_word' id='word_1_343' title='bbox 2234 3548 2428 3604; x_wconf 81' lang='lat' dir='ltr'><strong>Badius</strong></span> <span class='ocrx_word' id='word_1_344' title='bbox 2437 3550 2656 3621; x_wconf 76' lang='lat' dir='ltr'><strong>judicat.</strong></span> <span class='ocrx_word' id='word_1_345' title='bbox 2680 3552 2946 3609; x_wconf 67' lang='lat' dir='ltr'><strong>Homines</strong></span> 
     </span>
     <span class='ocr_line' id='line_1_54' title="bbox 1910 3629 2945 3706; baseline 0.007 -27"><span class='ocrx_word' id='word_1_346' title='bbox 1910 3629 2053 3681; x_wconf 84' lang='lat' dir='ltr'><strong>enim</strong></span> <span class='ocrx_word' id='word_1_347' title='bbox 2079 3631 2238 3682; x_wconf 76' lang='lat' dir='ltr'><strong>variis</strong></span> <span class='ocrx_word' id='word_1_348' title='bbox 2262 3630 2432 3683; x_wconf 81' lang='lat' dir='ltr'><strong>modis</strong></span> <span class='ocrx_word' id='word_1_349' title='bbox 2452 3632 2695 3701; x_wconf 77' lang='lat' dir='ltr'><strong>Hybridoe</strong></span> <span class='ocrx_word' id='word_1_350' title='bbox 2715 3631 2823 3694; x_wconf 76' lang='lat' dir='ltr'><strong>dici</strong></span> <span class='ocrx_word' id='word_1_351' title='bbox 2846 3655 2945 3706; x_wconf 90' lang='lat' dir='ltr'><strong>po-</strong></span> 
     </span>
     <span class='ocr_line' id='line_1_55' title="bbox 1910 3711 2943 3782; baseline 0.006 -22"><span class='ocrx_word' id='word_1_352' title='bbox 1910 3720 2090 3774; x_wconf 82' lang='lat' dir='ltr'><strong>tuere,</strong></span> <span class='ocrx_word' id='word_1_353' title='bbox 2118 3723 2179 3762; x_wconf 87' lang='lat' dir='ltr'><strong>ut</strong></span> <span class='ocrx_word' id='word_1_354' title='bbox 2201 3712 2244 3762; x_wconf 85' lang='lat' dir='ltr'><strong>si</strong></span> <span class='ocrx_word' id='word_1_355' title='bbox 2271 3711 2389 3781; x_wconf 81' lang='lat' dir='ltr'><strong>quis</strong></span> <span class='ocrx_word' id='word_1_356' title='bbox 2414 3730 2476 3762; x_wconf 81' lang='lat' dir='ltr'><strong>ex</strong></span> <span class='ocrx_word' id='word_1_357' title='bbox 2504 3711 2736 3782; x_wconf 82' lang='lat' dir='ltr'><strong>ingenuo</strong></span> <span class='ocrx_word' id='word_1_358' title='bbox 2757 3728 2812 3765; x_wconf 89' lang='lat' dir='ltr'><strong>et</strong></span> <span class='ocrx_word' id='word_1_359' title='bbox 2837 3733 2943 3767; x_wconf 79' lang='lat' dir='ltr'><strong>ser-</strong></span> 
     </span>
     <span class='ocr_line' id='line_1_56' title="bbox 1908 3790 2939 3853; baseline 0.007 -13"><span class='ocrx_word' id='word_1_360' title='bbox 1908 3806 2008 3853; x_wconf 79' lang='lat' dir='ltr'><strong>ve,</strong></span> <span class='ocrx_word' id='word_1_361' title='bbox 2039 3802 2130 3841; x_wconf 84' lang='lat' dir='ltr'><strong>aut</strong></span> <span class='ocrx_word' id='word_1_362' title='bbox 2160 3808 2222 3841; x_wconf 85' lang='lat' dir='ltr'><strong>ex</strong></span> <span class='ocrx_word' id='word_1_363' title='bbox 2250 3809 2401 3842; x_wconf 81' lang='lat' dir='ltr'><strong>servo</strong></span> <span class='ocrx_word' id='word_1_364' title='bbox 2426 3804 2479 3842; x_wconf 88' lang='lat' dir='ltr'><strong>et</strong></span> <span class='ocrx_word' id='word_1_365' title='bbox 2504 3790 2757 3844; x_wconf 79' lang='lat' dir='ltr'><strong>libertino</strong></span> <span class='ocrx_word' id='word_1_366' title='bbox 2780 3807 2939 3847; x_wconf 77' lang='lat' dir='ltr'><strong>natus</strong></span> 
     </span>
     <span class='ocr_line' id='line_1_57' title="bbox 1906 3867 2936 3941; baseline 0.005 -21"><span class='ocrx_word' id='word_1_367' title='bbox 1906 3880 2057 3920; x_wconf 80' lang='lat' dir='ltr'><strong>esset.</strong></span> <span class='ocrx_word' id='word_1_368' title='bbox 2079 3867 2209 3922; x_wconf 89' lang='lat' dir='ltr'><strong>Vid.</strong></span> <span class='ocrx_word' id='word_1_369' title='bbox 2231 3867 2415 3922; x_wconf 83' lang='lat' dir='ltr'><strong>Horat.</strong></span> <span class='ocrx_word' id='word_1_370' title='bbox 2441 3870 2533 3923; x_wconf 88' lang='lat' dir='ltr'><strong>lib.</strong></span> <span class='ocrx_word' id='word_1_371' title='bbox 2554 3872 2600 3934; x_wconf 84' lang='lat' dir='ltr'><strong>I,</strong></span> <span class='ocrx_word' id='word_1_372' title='bbox 2620 3885 2718 3925; x_wconf 82' lang='lat' dir='ltr'><strong>sat.</strong></span> <span class='ocrx_word' id='word_1_373' title='bbox 2736 3892 2794 3941; x_wconf 82' lang='lat'><strong>7,</strong></span> <span class='ocrx_word' id='word_1_374' title='bbox 2809 3893 2857 3925; x_wconf 80' lang='lat' dir='ltr'><strong>v.</strong></span> <span class='ocrx_word' id='word_1_375' title='bbox 2882 3894 2936 3925; x_wconf 76' lang='lat'><strong>2.</strong></span> 
     </span>
     <span class='ocr_line' id='line_1_58' title="bbox 1904 3949 2936 4020; baseline 0.008 -21"><span class='ocrx_word' id='word_1_376' title='bbox 1904 3979 1985 3989; x_wconf 92' lang='lat'>—</span> <span class='ocrx_word' id='word_1_377' title='bbox 2024 3949 2326 4018; x_wconf 72' lang='lat' dir='ltr'><strong>Permgavie.</strong></span> <span class='ocrx_word' id='word_1_378' title='bbox 2371 3950 2641 4020; x_wconf 81' lang='lat' dir='ltr'><strong>Perrogari</strong></span> <span class='ocrx_word' id='word_1_379' title='bbox 2679 3950 2936 4007; x_wconf 86' lang='lat' dir='ltr'><strong>dicuntur</strong></span> 
     </span>
    </p>
   </div>
   <div class='ocr_carea' id='block_1_8' title="bbox 1902 4028 2933 4174">
    <p class='ocr_par' dir='ltr' id='par_1_13' title="bbox 1902 4028 2933 4174">
     <span class='ocr_line' id='line_1_59' title="bbox 1902 4028 2793 4102; baseline 0.006 -23"><span class='ocrx_word' id='word_1_380' title='bbox 1902 4028 2072 4099; x_wconf 84' lang='lat' dir='ltr'><strong>leges,</strong></span> <span class='ocrx_word' id='word_1_381' title='bbox 2101 4028 2144 4080; x_wconf 81' lang='lat' dir='ltr'><strong>si</strong></span> <span class='ocrx_word' id='word_1_382' title='bbox 2167 4047 2194 4080; x_wconf 84' lang='lat' dir='ltr'><strong>a</strong></span> <span class='ocrx_word' id='word_1_383' title='bbox 2220 4029 2422 4100; x_wconf 86' lang='lat' dir='ltr'><strong>populo</strong></span> <span class='ocrx_word' id='word_1_384' title='bbox 2441 4031 2793 4102; x_wconf 85' lang='lat' dir='ltr'><strong>accipiuntur.</strong></span> 
     </span>
     <span class='ocr_line' id='line_1_60' title="bbox 1981 4107 2933 4174; baseline 0.003 -13"><span class='ocrx_word' id='word_1_385' title='bbox 1981 4111 2035 4162; x_wconf 90' lang='grc'><strong>6.</strong></span> <span class='ocrx_word' id='word_1_386' title='bbox 2076 4107 2282 4162; x_wconf 82' lang='lat' dir='ltr'><strong>Sociale.</strong></span> <span class='ocrx_word' id='word_1_387' title='bbox 2322 4108 2482 4174; x_wconf 90' lang='lat' dir='ltr'><strong>Quod</strong></span> <span class='ocrx_word' id='word_1_388' title='bbox 2524 4110 2735 4164; x_wconf 85' lang='lat' dir='ltr'><strong>tandem</strong></span> <span class='ocrx_word' id='word_1_389' title='bbox 2771 4113 2933 4163; x_wconf 86' lang='lat' dir='ltr'><strong>Pom·</strong></span> 
     </span>
    </p>
   </div>
   <div class='ocr_carea' id='block_1_9' title="bbox 1897 4187 2509 4259">
    <p class='ocr_par' dir='ltr' id='par_1_14' title="bbox 1897 4187 2509 4259">
     <span class='ocr_line' id='line_1_61' title="bbox 1897 4187 2509 4259; baseline 0.002 -20"><span class='ocrx_word' id='word_1_390' title='bbox 1897 4187 2047 4259; x_wconf 87' lang='lat' dir='ltr'><strong>peius</strong></span> <span class='ocrx_word' id='word_1_391' title='bbox 2078 4187 2267 4240; x_wconf 84' lang='lat' dir='ltr'><strong>Strabo</strong></span> <span class='ocrx_word' id='word_1_392' title='bbox 2290 4187 2509 4242; x_wconf 79' lang='lat' dir='ltr'><strong>sedavit.</strong></span> 
     </span>
    </p>
   </div>
  </div>
 </body>
</html>
