3143 5204
798 473 900 560 64
1119 479 1563 546 VALERII
1622 480 2063 570 MAXIMI,
2119 488 2309 554 LIB.
2365 490 2596 558 VIII.

908 607 973 676 8.
1021 610 1099 676 C.
1145 610 1339 677 etiam
1391 613 1790 682 Cosconium
1837 613 2112 685 Servilia
2157 617 2300 712 lege
2347 646 2533 689 reum
2557 620 2607 708 ¹,
2652 640 2927 718 propter

795 711 1078 807 plurima
1123 730 1191 783 et
1232 716 1714 787 evidentissima
1765 719 2057 790 facinora
2083 777 2102 809 ,
2148 725 2288 793 sine
2334 725 2467 795 ulla
2513 728 2924 800 dubitatione

796 835 1142 893 nocentem
1165 875 1184 907 ‚
1211 820 1457 891 Valerii
1482 823 1817 894 Valentini
1851 831 2251 899 accusatoris
2293 832 2434 925 ejus
2474 836 2822 905 recitatum
2859 840 2925 907 in

787 925 1040 1019 judicio
1081 951 1350 997 carmen
1369 982 1389 1016 ,
1423 955 1556 1022 quo
1604 956 1884 1024 puerum
1927 948 2421 1028 praetextatum,
2462 954 2529 1007 et
2565 942 2920 1035 ingenuam

793 1034 1118 1126 virginem
1148 1057 1188 1101 a
1219 1059 1289 1111 se
1328 1051 1710 1130 corruptam
1749 1040 2011 1132 poetico
2040 1042 2196 1134 joco
2236 1044 2756 1138 significaverat,
2792 1074 2926 1118 ere-

790 1140 889 1206 xit
915 1165 930 1206 :
962 1139 1282 1233 siquidem
1312 1140 1565 1233 judices
1602 1144 1898 1237 iniquum
1928 1148 2052 1215 rati
2081 1162 2261 1237 sunt,
2297 1175 2449 1220 eum
2482 1154 2804 1222 victorem
2837 1155 2925 1223 di-

792 1246 1053 1313 mittere
1080 1299 1099 1331 ,
1143 1248 1255 1338 qui
1295 1244 1585 1339 palmam
1627 1237 1774 1318 non‘
1816 1274 1897 1318 ex
1944 1250 2073 1321 alio
2112 1253 2286 1323 ferre
2307 1308 2327 1342 ,
2372 1257 2486 1325 s'ed
2527 1257 2610 1327 de
2646 1285 2717 1329 se
2758 1261 2922 1330 dare

788 1350 1225 1419 merebatur².
1265 1354 1483 1447 Magis
1516 1378 1677 1448 ergo
1706 1354 2009 1426 Valerius
2046 1361 2115 1426 in
2156 1363 2466 1431 Cosconii
2500 1365 2920 1437 absolutione

787 1455 1134 1526 damnatus
1152 1510 1172 1544 ,
1210 1482 1410 1551 quam
1447 1462 1814 1530 Cosconius
1850 1463 1919 1529 in
1962 1488 2158 1534 causa
2196 1492 2315 1535 sua
2350 1466 2659 1541 liberatus
2699 1489 2821 1543 est.

892 1604 961 1675 9.
996 1582 1331 1676 Attingam
1363 1607 1475 1652 eos
1506 1609 1803 1679 quoque,
1839 1611 2125 1680 quorum
2155 1591 2329 1661 salus
2362 1598 2647 1689 propriis
2673 1598 2919 1669 obruta

787 1686 1208 1776 criminibus,
1250 1690 1705 1782 proximorum
1755 1689 2035 1762 claritati
2080 1695 2323 1765 donata
2359 1714 2489 1767 est:
2527 1703 2603 1770 A.
2639 1704 2917 1775 Atilium

786 1790 1192 1881 Calatinum,
1222 1783 1664 1866 Soranorum³
1687 1798 1914 1892 oppidi
1941 1801 2310 1894 proditione
2337 1830 2526 1874 reum
2553 1808 2917 1880 admodum

776 1898 1128 1987 infamem,
1166 1901 1564 1971 imminentis
1596 1903 2033 1975 damnationis
2062 1908 2356 2002 periculo
2397 1914 2480 2002 Q.
2513 1914 2786 1984 Maximi
2821 1943 2917 1987 so-

782 2006 916 2073 ceri
946 2029 1158 2099 pauca
1187 2007 1388 2076 verba
1422 2009 1921 2095 subtraxerunt,
1953 2014 2192 2106 quibus
2221 2017 2612 2107 affirmavit,
2641 2027 2707 2090 si
2731 2030 2802 2091 in
2830 2051 2912 2094 eo

777 2117 1053 2181 camme
1085 2128 1346 2181 sontem
1381 2115 1568 2184 illum
1600 2122 1750 2211 lpse
1788 2127 2259 2214 comperckset,
2293 2124 2775 2222 dirempturum
2791 2119 2815 2161 ‘³
2838 2157 2914 2200 se

752 2210 993 2309 fuisse
1019 2219 1489 2314 qffi'nitatem3
1529 2224 1846 2293 continuo
1869 2227 2057 2295 ,enim
2095 2228 2379 2323 populus
2415 2257 2601 2326 paene
2622 2235 2761 2326 jam
2798 2263 2909 2306 ex·

776 2322 1101 2419 ploratam
1143 2329 1529 2396 sententiam
1571 2353 1758 2399 suam
1803 2333 1995 2401 unius
2032 2334 2283 2426 judicio
2329 2342 2698 2428 concessit3
2741 2344 2906 2412 indi-

776 2457 981 2526 gnum
1018 2447 1198 2502 ratus
1236 2434 1377 2526 ejus
1412 2436 1789 2505 testimonio
1833 2463 1969 2505 non
2012 2439 2319 2532 credere,
2357 2446 2462 2512 cui
2506 2446 2907 2519 difficillimis

862 2652 909 2685 1.
944 2633 1106 2684 Reum.
1131 2635 1231 2684 An.
1258 2631 1326 2683 U.
1348 2633 1480 2684 651.
1505 2632 1797 2688 Torrenius
1884 2652 1999 2688 cem
2017 2636 2170 2692 MSS.
2188 2649 2417 2710 protexit.
2439 2646 2636 2712 Erexit,
2659 2665 2827 2721 quum
2850 2651 2904 2702 in

777 2712 1019 2782 intelligit
1033 2712 1200 2782 legem
1218 2707 1286 2762 de
1301 2710 1612 2781 repetundis
1631 2731 1660 2764 a
1674 2712 1795 2765 Ser·
1882 2707 1993 2767 fine
2039 2719 2381 2787 praecedentis
2430 2727 2656 2797 exempli
2704 2730 2905 2801 optime

772 2794 903 2846 vilio
933 2791 1153 2843 Glaucia
1190 2803 1416 2861 praetore
1440 2809 1525 2843 an.
1557 2792 1629 2843 U.
1658 2793 1794 2860 653,
1879 2799 2232 2864 praecesserit,
2254 2805 2556 2873 oppositum
2582 2809 2748 2861 verbo
2774 2810 2904 2879 abje-

775 2869 951 2944 (quod
966 2883 1276 2924 tamencum
1291 2882 1529 2941 tempore
1543 2889 1654 2923 non
1672 2891 1795 2925 con-
1879 2873 2037 2937 cerat,
2076 2877 2164 2931 hic
2194 2881 2371 2934 minus
2406 2885 2684 2940 commode
2716 2902 2771 2942 et
2800 2891 2903 2942 ele-

772 2948 979 3016 venit);
1015 2948 1128 3003 vid.
1167 2951 1338 3005 Cicer.
1382 2969 1484 3021 pro
1515 2951 1697 3005 Rabir.
1731 2960 1790 3019 43

772 3034 932 3085 Verr.
974 3032 1033 3096 1,
1079 3049 1130 3098 9.
1171 3062 1250 3072 —-
1296 3031 1351 3079 V
1346 3030 1485 3082 alerii
1523 3032 1790 3086 Valentini.

768 3114 1018 3185 Ignotum
1030 3109 1267 3180 alioquin
1280 3109 1593 3181 scriptorem
1609 3111 1792 3166 Festus

769 3192 924 3246 nobis
967 3190 1206 3243 nominat
1242 3207 1256 3241 :
1297 3217 1319 3236 ιι
1364 3191 1663 3261 Tappulam,
1707 3192 1788 3244 in.

742 3313 747 3317 ,
768 3272 955 3344 quiens
970 3309 986 3335 ,
1004 3270 1153 3339 legem
1178 3270 1459 3321 convivalem
1471 3308 1486 3332 ,
1495 3271 1622 3338 ficto
1643 3276 1792 3323 nomi-

768 3374 827 3406 ne
850 3353 1126 3420 conscripsit
1129 3352 1296 3419 jocoso
1317 3354 1521 3401 carmine
1543 3351 1789 3405 Valerius

766 3429 1100 3485 Valentinus.
1128 3456 1150 3476 ι
1181 3430 1641 3482 -Ρνωεειῖατιιηι-
1660 3432 1788 3484 Tar-

765 3512 978 3587 quinius
1007 3510 1216 3562 Priscus
1239 3509 1408 3560 filium
1437 3528 1590 3562 suum
1623 3529 1787 3563 annos

762 3593 896 3648 XIV
918 3602 1100 3643 natum
1118 3628 1132 3654 ,
1160 3586 1305 3660 quod
1332 3590 1388 3640 in
1416 3589 1555 3641 bello
1580 3590 1785 3642 hostem

762 3681 1114 3747 percusserat,
1148 3687 1249 3739 pro
1274 3668 1529 3722 concione
1554 3668 1787 3724 laudavit

763 3767 816 3808 et
841 3763 1088 3825 praetexta
1118 3747 1353 3801 donavit.
1395 3749 1533 3802 Hinc
1559 3750 1783 3813 sactum,

762 3846 821 3887 ut
874 3842 1124 3903 prsetexta
1172 3827 1365 3880 deinde
1410 3829 1587 3881 nobiles
1633 3831 1782 3900 pueri

760 3924 1056 3966 uterentur.
1102 3941 1168 3950 —
1222 3909 1410 3960 Erexit.
1459 3908 1545 3961 Sic
1581 3909 1784 3981 primus

764 3991 933 4045 edidit
962 3989 1177 4060 Pighius
1204 4007 1371 4059 quum
1391 3988 1563 4041 caeteri
1595 3987 1786 4042 edidis·

764 4083 878 4126 sent
897 4073 1117 4122 contexit.
1147 4068 1251 4120 Sed
1276 4067 1361 4121 ed.
1386 4069 1529 4139 Mog.
1558 4073 1779 4122 correxit.

761 4150 1051 4208 Torrenius
1080 4149 1225 4200 malit
1251 4146 1396 4220 quod
1416 4161 1580 4201 exstat
1605 4149 1661 4200 in
1690 4148 1782 4202 de·

1879 2969 2062 3023 gauter
2092 2961 2263 3028 repeti
2289 2961 2517 3018 videtur.

1963 3054 2014 3086 2.
2065 3037 2358 3094 Merebatur.
2404 3043 2468 3096 Id
2511 3057 2618 3111 est,
2659 3049 2756 3118 qui
2795 3068 2901 3102 non

1881 3115 2149 3185 superior,
2163 3118 2256 3171 sed
2274 3120 2495 3176 inferior
2506 3123 2782 3180 discedere
2801 3148 2904 3182 me·

1874 3193 2107 3247 rebatur.
2415 3241 2418 3244 .

1958 3274 2010 3325 3.
2048 3274 2358 3333 Soranorum.
2399 3283 2562 3349 Sora,
2600 3287 2901 3360 Campano-

1873 3371 1994 3404 rum
2020 3355 2479 3432 oppidum,cujus
2512 3365 2647 3418 Plin.
2681 3369 2796 3433 111,
2835 3372 2865 3421 5
2888 3409 2905 3433 ,

1871 3434 2129 3488 meminit.
2177 3437 2241 3488 Ei
2281 3459 2447 3511 quum
2485 3445 2541 3495 11
2588 3446 2722 3499 Pun.
2775 3450 2901 3501 belli

1871 3523 2110 3584 tempore
2139 3518 2331 3571 Atilius
2361 3521 2526 3575 Calat.
2569 3527 2865 3595 proefuisset
2885 3569 2902 3592 ‚

1871 3592 2086 3663 ejusque
2122 3597 2263 3651 cives
2306 3599 2373 3652 ad
2413 3601 2764 3658 Hannibalem
2803 3607 2900 3662 de·

1872 3671 2139 3739 fecissent,
2165 3678 2387 3732 Calatini
2413 3680 2469 3733 id
2491 3684 2644 3755 culpa
2669 3687 2867 3740 factum
2883 3731 2899 3755 ,

1870 3753 2098 3823 suspicio
2117 3756 2234 3809 suit.
2253 3791 2331 3800 --
2349 3761 2570 3814 Maximi.
2589 3765 2738 3818 Fabii
2755 3769 2901 3820 Cun-

1870 3834 2110 3898 cultoris,
2155 3836 2295 3890 illius
2334 3839 2402 3892 de
2438 3861 2546 3912 quo
2591 3846 2797 3898 Ennius
2843 3862 2900 3901 et

1871 3912 2156 3982 Virgilius:
2198 3943 2219 3961 «ι
2244 3918 2395 3971 Unus
2435 3928 2525 3991 qui
2567 3925 2722 3977 nobis
2764 3945 2900 3980 cun-

1870 3992 2063 4046 ctando
2094 3995 2323 4050 restituit
2349 4020 2477 4053 rem.
2506 4014 2526 4033 ¹·

1954 4080 2007 4135 4.
2062 4075 2437 4146 Bit-empturum.
2477 4081 2634 4134 Multi
2678 4085 2898 4155 deb-epm-

1879 4172 1998 4204 rum.
2030 4154 2131 4207 Bit.
2161 4156 2315 4228 prim.
2351 4161 2658 4232 dimpturum.
