3143 5204
409 511 585 580 CAP.
619 512 788 597 vll,
842 510 966 577 DE
1021 510 1363 577 STUDIO
1418 509 1531 576 ET
1587 509 2098 577 INDUSTRIA.
2214 506 2305 602 87

218 668 337 711 uno
370 644 608 739 impetu
648 645 913 738 spiritus
951 641 1552 737 complectebatur,
1589 667 1829 736 eosque
1864 641 2143 710 adversa
2171 639 2312 709 loca

217 748 389 818 celeri
423 751 630 844 gradu
675 750 1029 837 mandem,
1061 750 1576 843 pronuntiabat;
1610 774 1686 817 ac
1723 749 1982 818 vadosis
2015 746 2315 817 litoribus

215 858 521 945 insistenS,
548 856 1054 939 declamationes
1077 856 1399 925 fluctuum
1429 856 1801 950 fragoribus
1827 854 2316 923 obluctantibus

214 962 456 1050 edebat,
487 978 562 1032 ut
596 963 681 1032 ad
716 964 1016 1032 fremitus
1052 964 1531 1032 concitatarum
1569 964 1967 1031 concionum
2005 962 2317 1056 patientia

210 1068 437 1137 duratis
455 1069 470 1093 ¹
505 1071 773 1139 auribus
802 1072 869 1139 in
900 1070 1266 1138 actionibus
1303 1083 1620 1139 uteretur.
1650 1072 1886 1137 Fertur
1911 1092 2173 1161 quoque
2200 1092 2315 1134 ore

213 1176 445 1244 insertis
494 1174 760 1246 calculis
800 1176 1083 1246 multum
1109 1201 1187 1246 ac
1215 1176 1328 1244 diu
1359 1174 1536 1270 loqui
1568 1174 1797 1245 solitus
1818 1229 1837 1263 ,
1868 1179 2002 1269 quo
2029 1198 2314 1243 vacuum

208 1284 554 1376 promptius
588 1297 760 1353 esset
791 1297 858 1352 et
893 1282 1186 1352 solutius.
1226 1281 1564 1351 Praeliatus
1608 1297 1710 1352 est
1749 1308 1903 1351 cum
1945 1282 2164 1349 rerum
2201 1302 2313 1347 na·

207 1400 373 1471 tura,
417 1403 484 1457 et
519 1388 786 1483 quidem
830 1391 1043 1459 victor
1079 1390 1278 1474 abiit,
1316 1388 1789 1483 malignitatem
1833 1389 1973 1481 ejus
2018 1387 2313 1482 pertina-

205 1493 449 1563 cissimo
483 1497 687 1563 animi
727 1496 966 1565 robore
1014 1495 1427 1590 superando:
1475 1498 1695 1590 itaque
1737 1495 2017 1563 alterum
2056 1496 2312 1561 Demo-

207 1600 487 1670 sthenem
526 1616 737 1671 mater
757 1656 775 1686 ,
818 1600 1097 1671 alterum
1136 1601 1456 1671 industria
1490 1605 1683 1671 enixa
1721 1616 1835 1672 est.

296 1733 357 1775 α.
387 1712 605 1802 Atque
641 1723 715 1777 ut
744 1707 829 1777 ad
867 1710 1290 1778 vetustiorem
1334 1708 1670 1778 industriae
1711 1723 1934 1777 actum
1977 1720 2306 1799 transgre-

201 1813 355 1898 diar,
377 1814 784 1909 Pythagoras
801 1813 821 1838 ²
844 1815 1391 1909 perfectissimum
1419 1839 1588 1910 opus
1618 1816 1950 1909 sapientiae
1972 1837 2012 1880 a
2039 1813 2315 1906 juventa

202 1922 426 2013 pariter
448 1935 515 1990 et
537 1924 755 1990 omnis
778 1922 1141 1990 honestatis
1164 1921 1602 2015 percipiendae
1629 1919 2054 2015 cupiditatem
2076 1920 2315 2012 ingres-

200 2050 294 2095 sus
325 2021 532 2115 (nihil
576 2030 750 2096 enim
788 2026 965 2121 quod
1001 2027 1088 2096 ad
1120 2026 1426 2096 ultimum
1458 2030 1554 2097 sui
1599 2028 1798 2096 finem
1835 2040 2310 2121 perventurum

199 2146 323 2213 est,
343 2158 480 2202 non
515 2148 585 2202 et
620 2149 879 2203 mature
911 2148 980 2204 et
1012 2132 1313 2203 celeriter
1348 2126 1658 2229 incipit),
1696 2136 2052 2229 AEgyptum
2088 2133 2309 2225 petiit:

197 2238 293 2305 ubi
333 2237 538 2308 literis
576 2243 790 2335 gentis
826 2239 967 2334 ejus
1009 2240 1448 2327 assuefactuS,
1502 2242 1812 2334 praeteriti
1863 2241 1984 2308 aevi
2021 2239 2315 2307 sacerdo-

198 2358 318 2435 tum
341 2349 859 2416 commentarios
897 2362 1256 2434 scrutatuS,
1285 2345 1863 2416 innumerabilium
1883 2331 1905 2370 ³
1939 2343 2311 2414 seculorum

196 2451 670 2523 observationes
707 2456 1050 2548 cognovit:
1095 2455 1245 2522 inde
1285 2454 1371 2522 ad
1405 2457 1637 2524 Persas
1678 2452 2047 2548 profectu5‚
2083 2475 2309 2544 mago·

196 2581 323 2627 rum
358 2562 787 2631 exactissimae
816 2559 1181 2656 prudentiae
1209 2586 1277 2630 se
1311 2560 1730 2630 formandum
1762 2558 2069 2645 tradidit3
2102 2582 2139 2626 a
2178 2558 2314 2651 qui·

193 2664 297 2734 bus
324 2667 613 2737 siderum
641 2683 892 2754 motuS,
919 2694 1278 2762 cursusque
1306 2667 1674 2753 stellarum,
1701 2682 1768 2737 et
1796 2666 2312 2759 uniuscujusque

193 2773 344 2858 vim,
391 2777 871 2871 proprietatem
914 2790 980 2843 et
1025 2774 1340 2844 effectum
1383 2776 1848 2868 benignissime
1889 2773 2311 2841 demonstra-

1285 2993 1599 3066 perorandi,
1631 2992 1724 3048 sed
1749 2994 1806 3047 in
1836 3011 1992 3046 sensu
2015 2989 2209 3043 forensi
2230 3008 2312 3041 ac·

1287 3075 1396 3146 cipi
1421 3073 1598 3128 debet.

192 2986 248 3040 de
266 2992 505 3046 oratione
533 2992 693 3063 ligata
710 3031 726 3058 ,
757 2992 848 3046 sed
874 2992 941 3046 de
966 2994 1199 3064 particu-

192 3067 244 3120 lis
265 3072 519 3125 orationis
549 3074 753 3126 solutae.

264 3169 306 3204 1.
333 3153 546 3204 Dav-atis
571 3154 782 3206 auribus.
809 3153 853 3206 I.
872 3173 920 3207 e.
942 3155 1067 3206 utin
1087 3173 1200 3206 ora-

190 3229 402 3285 tionibus
418 3231 685 3286 habendis
701 3251 855 3285 aures
872 3232 1201 3287 adsuesceret

192 3305 523 3365 adfremitum
537 3311 894 3366 multitudinis
908 3312 1197 3380 concitatae,

189 3393 1028 3464 nequeexpavesceret.Atquehaec
1038 3393 1196 3446 lectio

190 3470 364 3524 multos
384 3473 548 3525 habet
566 3484 718 3526 testes
738 3492 846 3524 non
859 3485 1198 3526 contemnen-

188 3545 288 3602 dos.
312 3552 468 3622 Pigb.
490 3565 665 3604 tamen
693 3554 948 3624 expunxit
971 3557 1020 3604 in
1042 3556 1193 3605 aceio-

188 3629 321 3691 nibus,
343 3632 658 3686 auctoritate
682 3631 801 3685 cod.
812 3633 1038 3686 Winch.
1061 3652 1194 3704 quo-

187 3727 292 3762 cum
308 3711 433 3764 facit
455 3710 542 3765 ed.
556 3713 957 3765 vet.Perizonio
979 3712 1195 3765 concin-

187 3789 293 3840 nior
314 3789 529 3844 videtur
541 3793 698 3845 lectio
717 3794 904 3864 Copes.
926 3804 979 3844 et
994 3806 1194 3864 septem

190 3867 318 3921 uss.
335 3871 507 3943 Pighii
517 3911 531 3934 ,
543 3872 728 3924 duratis
739 3873 1018 3934 actionibus,
1034 3873 1193 3927 omis·

185 3947 245 3999 sis
267 3947 472 4004 duabus
485 3953 703 4004 vocibus
715 3954 911 4004 auribus
928 3956 977 4003 in
992 3974 1011 4014 ,·
1041 3965 1092 4004 et
1106 3972 1193 4004 ex-

185 4030 358 4094 ponit:
389 4044 450 4082 ut
475 4047 746 4103 peroraret
775 4031 995 4086 duratus
1011 4045 1196 4084 contra

186 4106 413 4163 fremitus
443 4113 778 4168 concionum.
812 4116 904 4166 Ast
939 4116 1066 4165 aceio
1093 4112 1193 4164 hoc

184 4184 298 4239 loco
313 4192 491 4244 nonin
504 4212 658 4248 sensu
673 4193 940 4250 rhetorico
963 4212 1059 4265 pro
1077 4204 1195 4245 actu

1367 3174 1414 3207 a.
1442 3156 1771 3226 Pythagoras.
1796 3151 1925 3205 Vid.
1956 3151 2107 3222 Diog.
2130 3150 2305 3201 Laert.

1285 3234 1343 3285 in
1365 3235 1479 3297 vit.;
1508 3235 1678 3288 Cicer.
1704 3233 1772 3286 de
1796 3233 1995 3296 Fin.v,
2028 3249 2127 3299 ²93
2150 3230 2307 3280 Tusc.

1285 3314 1394 3376 IV,
1439 3332 1544 3383 19,
1584 3315 1693 3376 253
1725 3314 1813 3379 V,
1850 3314 1963 3368 3et
1997 3309 2172 3377 431,
2210 3312 2310 3372 163

1288 3394 1505 3466 August.
1534 3392 1603 3446 de
1635 3393 1695 3446 C.
1727 3395 1792 3445 D.
1820 3393 1990 3452 VIII,
2034 3409 2080 3443 1.
2114 3390 2314 3461 Legan-

1284 3484 1373 3525 tur
1406 3473 1564 3525 etiam
1594 3471 1661 3525 de
1691 3473 1990 3545 Pythagora
2015 3471 2313 3522 Bruckerus

1284 3565 1338 3606 et
1362 3552 1708 3606 Tiedemann.
1733 3586 1814 3596 --
1842 3554 2038 3604 Pariter
2066 3561 2131 3601 et.
2158 3549 2308 3619 Pigh.

1283 3652 1512 3704 eumque
1556 3634 1764 3703 sequuti
1807 3646 1855 3684 et
1897 3644 2080 3684 contra
2130 3647 2313 3680 omnes

1280 3713 1446 3766 libros
1476 3713 1630 3766 tacite
1660 3713 1966 3765 omiserunt.

1365 3794 1416 3846 3.
1448 3793 1883 3846 Innumerabilium.
1910 3790 2148 3843 Gloriam
2167 3788 2309 3839 enim

1282 3873 1469 3945 populi
1493 3873 1621 3925 olim
1640 3874 1839 3944 petiere
1857 3892 1917 3923 ex
1944 3871 2175 3941 longaeva
2199 3868 2310 3919 ori-

1282 3954 1432 4024 gine,
1464 3954 1729 4026 precipue
1760 3951 2011 4025 AEgyptii.
2037 3946 2163 4000 Vid.
2188 3948 2220 3998 J
2224 3967 2310 3999 us-

1284 4033 1383 4086 tin.
1415 4036 1501 4099 11,
1542 4053 1564 4086 1
1591 4053 1606 4097 ;
1638 4044 1692 4084 et
1722 4031 1978 4085 Herodot.
2012 4026 2171 4082 Diod.
2203 4027 2306 4080 Sic.

1282 4114 1341 4178 1,
1383 4133 1499 4185 pag.
1536 4119 1643 4180 623
1676 4114 1891 4184 August.
1931 4110 1998 4162 de
2039 4109 2155 4162 Civ.
2194 4109 2313 4170 Dei,

1285 4193 1417 4259 xil,
1455 4214 1541 4249 ιο.

1913 4289 1995 4367 6⁴
