3143 5204
399 394 587 460 CAP.
645 392 783 476 ΙΙΙ,
837 392 961 460 DE
1014 392 1078 457 V
1083 391 1313 484 AFRE
1366 391 1606 460 DICT.
1662 393 1846 461 AUT
1896 395 2141 463 FACT.
2260 420 2342 463 21

241 527 528 619 ipsorum
573 524 1199 593 demonstrationem
1244 524 1421 592 dicta
1440 522 1458 546 ¹
1510 527 1866 612 sententia3
1905 527 2209 622 improbo
2260 542 2354 596 ta·

240 656 383 700 men
421 633 902 726 praestigiorum
946 655 1184 725 genere
1221 656 1468 699 novum
1512 632 1762 703 civitati
1799 648 2037 703 nostrae
2074 632 2354 728 vectigal

238 741 524 809 accessit.
565 738 890 807 Eumdem
929 736 1149 807 ferunt
1172 789 1190 821 ‚
1233 763 1435 830 quum
1480 762 1519 807 a
1555 762 1711 833 rege
1753 740 2082 811 Antiocho
2101 795 2120 829 ‚
2158 766 2355 835 quem

238 843 401 915 bello
452 860 918 939 superaverat,
957 870 1036 914 ex
1082 843 1326 913 foedere
1372 847 1500 914 icto
1548 844 1884 915 dimidiam
1931 862 2188 941 partem
2230 872 2378 933 na-⁸

239 953 408 1020 vium
464 954 765 1046 accipere
814 951 1116 1038 deberet,
1161 951 1408 1021 medias
1455 976 1685 1021 omnes
1724 954 2007 1023 secuisse
2027 1009 2046 1043 ‚
2087 969 2163 1023 ut
2200 979 2351 1023 eum

239 1072 365 1126 tota
408 1058 621 1127 classe
652 1062 961 1152 privaret.

337 1162 403 1234 5.
447 1169 599 1233 Jam
636 1168 732 1234 M.
770 1166 1061 1235 Antonio
1100 1165 1565 1235 remittendum
1599 1165 2008 1236 convicium²
2053 1182 2154 1237 est
2191 1193 2205 1234 :
2242 1168 2354 1261 qui

233 1271 481 1341 &labeo
503 1297 580 1341 se
605 1272 823 1342 aiebat
850 1274 1109 1342 nullam
1136 1277 1513 1342 orationem
1542 1278 1924 1368 saepsisse,
1963 1291 2060 1360 ut,
2091 1280 2157 1343 si
2190 1274 2362 1367 quid

232 1384 576 1473 superiore
584 1379 853 1470 judeca>
884 1395 1152 1465 actm,
1179 1385 1276 1464 ei,
1311 1404 1509 1473 quem
1533 1397 1791 1475 postea
1826 1381 2230 1474 defensurus
2252 1406 2353 1449 es-

231 1501 360 1571 set,
412 1491 791 1555 nocuumm
800 1486 1042 1576 soree,
1086 1510 1224 1554 non
1248 1487 1498 1555 dcbtum
1538 1512 1589 1556 a
1617 1513 1691 1557 se
1718 1488 2080 1583 affirmare
2089 1504 2349 1584 posset.

235 1592 360 1680 Qui
388 1591 549 1660 facti
591 1595 701 1660 vix
742 1578 1117 1685 pudentisfl
1153 1592 1569 1662 tolerabilem
1605 1619 1870 1665 causam
1905 1595 2187 1664 habuit:
2232 1620 2353 1689 pro

233 1697 739 1791 periclitantium
764 1683 787 1728 ‘¹
835 1700 1009 1766 enim
1062 1700 1314 1792 capite,
1358 1725 1493 1768 non
1543 1699 1755 1770 solum
1818 1701 2190 1795 eloquentia
2236 1726 2356 1771 sua

232 1806 356 1890 uti,
400 1805 520 1874 sed
561 1807 760 1873 etiam
804 1804 1202 1875 verecundia
1229 1805 1411 1873 abuti
1455 1821 1597 1874 erat
1625 1822 1912 1902 paratus.

331 1909 402 1981 6.
446 1912 776 1980 Sertorius
816 1936 1011 1996 vere,
1045 1913 1341 2005 corporis
1384 1913 1624 1982 robore
1666 1927 1864 2043 atque
1908 1916 2111 1982 animi
2142 1916 2352 1985 consi·

233 2016 314 2084 lio
367 2042 602 2111 parem
642 2033 895 2085 naturae
937 2015 1404 2112 indulgentiam
1450 2006 1826 2113 expertusffi
1875 2024 2354 2116 proscriptione

231 2123 492 2192 Sullana
525 2124 660 2193 dux
688 2127 1042 2194 Lusitanoi
1044 2149 1156 2192 um
1186 2124 1327 2192 fieri
1355 2142 1622 2193 coactus
1642 2179 1661 2211 ‚
1683 2150 1890 2220 quum
1917 2152 2029 2195 eos
2059 2132 2356 2198 oratione

233 2229 495 2301 flectere
528 2256 661 2300 non
696 2246 942 2326 posset,
982 2256 1064 2298 ne
1106 2255 1259 2320 cum
1299 2232 1619 2300 Romanis
1660 2234 1968 2301 universa
2008 2237 2147 2302 acie
2188 2260 2355 2304 con-

235 2336 453 2432 fligere
509 2335 794 2425 vellent,
838 2337 1027 2406 vafro
1080 2336 1352 2405 consilio
1404 2337 1488 2406 ad
1538 2362 1724 2406 suam
1767 2340 2156 2410 sententiam
2209 2366 2356 2435 per-

234 2441 469 2512 duxit:
510 2443 677 2513 duos
722 2445 894 2512 enim
942 2446 1008 2511 in
1058 2458 1414 2540 conspectu
1460 2470 1687 2513 eorum
1736 2447 2076 2515 constituit
2117 2472 2354 2541 equOS,

236 2547 509 2620 alterum
544 2550 1050 2635 validissimum,
1095 2550 1374 2620 alterum
1418 2551 1968 2641 infirmissimum3
2004 2578 2081 2624 ac
2119 2553 2356 2625 deinde

236 2655 429 2726 validi
472 2658 753 2727 caudam
798 2658 884 2726 ab
926 2657 1253 2727 imbecillo
1297 2684 1450 2727 sene
1487 2658 1801 2790 paulatim
1850 2662 2070 2756 carpi,
2113 2663 2355 2731 infirmi

238 2787 271 2830 a
308 2764 558 2857 juvene
622 2766 1006 2833 eximiarum
1060 2767 1301 2834 virium
1350 2752 1769 2835 universam⁶
1824 2766 2106 2836 convelli
2144 2770 2354 2861 jussit.

316 2976 362 3009 1.
407 2958 578 3009 Dicta.
616 2958 750 3028 Cop.
782 2955 930 3010 Iaeid.
958 2957 1114 3028 prim.
1148 2958 1244 3010 bn-
1332 2956 1481 3010 desse
1521 2960 1803 3012 honestum
1845 2958 2016 3012 videri
2059 2975 2251 3032 posset.
2275 2995 2355 3007 -

239 3035 355 3089 bem
376 3037 516 3089 data.
536 3037 683 3090 Suet.
708 3036 895 3090 Claud.
917 3055 964 3090 c.
995 3037 1084 3104 15,
1094 3039 1246 3105 fizcil·
1334 3039 1447 3092 Est.
1466 3037 1594 3091 Vid.
1623 3039 1736 3092 Cic.
1765 3059 1864 3110 pro
1897 3041 2103 3094 Cluent.

240 3116 340 3167 le‘aee
358 3116 530 3169 dabat.
557 3116 770 3184 Livius,
800 3118 898 3183 IV,
931 3136 998 3185 9,
1019 3118 1142 3169 dant
1145 3120 1247 3187 jus.
1418 3119 1471 3171 3.
1510 3119 1758 3172 Pudentis.
1805 3119 1870 3172 ld
1900 3133 2007 3184 est,
2040 3121 2357 3187 verecundi,

241 3193 429 3266 Supra,
456 3199 547 3259 11,
579 3198 613 3249 8
634 3233 651 3259 ,
685 3215 712 3249 2
734 3234 751 3259 ‚
773 3198 1022 3249 secundum
1050 3211 1096 3249 te
1122 3199 1250 3249 litem
1336 3198 1470 3251 sicut
1493 3199 1774 3252 Terentius
1800 3219 2012 3271 quoque
2039 3201 2293 3273 loquitur.

241 3274 312 3327 do.
333 3309 413 3318 —
434 3278 816 3342 Proestigiorum.
837 3279 1167 3346 Proestigium‚
1194 3291 1254 3330 ut
1420 3279 1885 3340 4.Periclitantium.
1909 3281 2015 3345 Qui
2035 3283 2220 3352 capitis
2242 3302 2362 3336 cau·

244 3355 479 3409 Veratius
523 3375 555 3409 e
592 3356 844 3426 glossario
884 3358 1133 3428 apponit,
1177 3370 1256 3410 est
1338 3376 1447 3410 sum
1468 3357 1884 3412 dicebautzhiuc
1899 3361 2054 3413 etiam
2069 3360 2266 3432 judicia
2281 3381 2361 3415 ca-

244 3450 557 3494 unum-um,
576 3454 605 3488 a
621 3436 1064 3507 prestringendm
1080 3436 1137 3490 id
1149 3448 1253 3503 est,
1338 3439 1517 3509 pitalin
1537 3437 1678 3491 dicta
1692 3453 1815 3492 aunt
1834 3442 2197 3510 periculaNid.
2215 3461 2359 3513 supr.

244 3515 510 3569 illudendo
540 3517 826 3587 improvise
851 3516 1047 3569 oculos.
1426 3519 1475 3571 5.
1506 3520 1766 3589 Expertus.
1792 3522 1891 3573 An.
1921 3521 1991 3574 U.
2017 3522 2147 3591 675.
2179 3523 2360 3575 Front.

320 3616 367 3648 ι.
420 3596 716 3650 convicium.
758 3595 1066 3649 Perizonius
1108 3597 1259 3649 malit
1343 3597 1569 3669 Strateg.
1593 3600 1646 3663 1,
1678 3601 1928 3664 103P1ut.
1955 3601 2009 3653 in
2031 3601 2122 3654 vit.
2139 3633 2219 3646 --
2237 3604 2364 3654 Pm-

244 3689 556 3730 oemenmm.
591 3677 825 3729 Frustra.
863 3676 998 3728 Vult
1038 3689 1220 3728 auctor
1239 3715 1256 3742 ,
1341 3683 1609 3748 scriptione.
1658 3679 1844 3732 Cinna
1881 3681 2021 3733 enim
2053 3696 2227 3751 partes
2256 3693 2368 3734 erat

244 3754 531 3809 condonari
566 3754 762 3809 debere
798 3757 1031 3810 Antonio
1066 3756 1259 3808 fuctum
1343 3772 1611 3829 sequutus.
1649 3791 1731 3803 --
1758 3761 2003 3816 Romanis.
2042 3762 2189 3832 Pigh.
2220 3761 2370 3815 dedit

245 3837 441 3889 vastum
453 3875 466 3896 ,
489 3855 586 3889 uec
599 3855 725 3889 eum
741 3835 862 3888 ideo
880 3836 1123 3889 convicio
1141 3855 1262 3906 pro-
1347 3840 1686 3892 Romanorum.
1720 3841 1917 3893 Proeter
1944 3859 2073 3893 rem.

247 3914 618 3980 scindendum,
642 3916 763 3987 quia
790 3914 847 3968 id
872 3917 1025 3979 fecit,
1053 3927 1111 3968 ut
1136 3917 1261 3969 sub-
1430 3923 1482 3972 6.
1518 3921 1812 3973 Universum.
1844 3922 2118 3973 Universum
2149 3925 2370 3994 opponi·

247 3997 442 4048 veniunt
486 3997 639 4048 saluti
698 4015 910 4050 reorum
957 3996 1261 4068 periclitari·
1349 4011 1436 4050 tur
1454 3997 1692 4053 discretis
1709 4013 1763 4053 et
1776 4002 2052 4072 separatim
2071 4002 2198 4056 hinc
2216 4004 2372 4074 paulo

251 4074 402 4141 tium,
424 4077 620 4147 quibus
640 4076 797 4130 ctiam
821 4076 922 4129 hoc
949 4074 1111 4129 modo
1136 4095 1262 4147 pro-
1349 4090 1470 4131 ante
1500 4097 1514 4131 ε
1544 4081 1747 4132 caudam
1765 4083 2027 4151 paulatim,
2062 4081 2117 4135 id
2144 4097 2249 4142 est,
2279 4102 2375 4154 per

1974 4176 2055 4258 23
