3143 5204
465 468 673 535 CAP.
731 467 979 551 VIII,
1036 466 1173 533 DE
1228 466 1541 535 RATIS
1592 468 2019 536 TESTAM.
2209 468 2300 564 57

207 621 372 678 suas,
405 611 472 664 et
505 595 732 665 dilexit
758 594 1082 691 pericula,
1114 609 1181 663 et
1213 594 1725 665 damnationem¹
1761 599 1931 667 votis
1959 600 2306 693 expetivit3

201 718 521 772 auctorem
555 704 794 772 harum
841 727 1063 771 rerum
1099 701 1591 789 benevolentia,
1626 704 2116 798 propulsatores
2150 706 2306 775 odio

200 811 584 903 insequutus.

294 915 355 985 8.
396 918 472 983 T.
510 914 824 984 Barrulus
851 913 1133 984 Lentulo
1165 917 1534 1010 Spintheri,
1565 916 1753 1009 cujus
1780 919 2301 987 amantissimum

197 1023 471 1090 animum
493 1075 515 1106 ,
545 1019 1189 1115 liberalissimamque
1229 1024 1582 1091 amicitiam
1623 1039 1942 1107 senserat,
1979 1023 2308 1093 decedens

197 1152 332 1195 suos
372 1126 693 1197 annulos'
732 1127 1004 1222 perinde
1044 1142 1241 1221 atque
1277 1130 1470 1198 unico
1507 1128 1733 1199 heredi
1769 1129 2072 1217 tradidit,
2107 1155 2303 1225 quem

198 1232 357 1302 nulla
394 1259 481 1302 ex
527 1249 715 1329 parte
766 1234 1075 1302 heredem
1124 1233 1551 1329 relinquebat.
1595 1237 1938 1323 Quantum
1990 1235 2102 1305 illo
2153 1261 2304 1305 mo-

196 1355 401 1409 mento
459 1343 779 1436 temporis
838 1342 1236 1409 conscientia
1291 1333 1392 1422 (si
1452 1341 1652 1409 modo
1709 1344 1880 1410 vires
1904 1396 1922 1428 ,
1975 1368 2138 1436 quas
2188 1343 2302 1412 ha-

194 1446 331 1514 bere
370 1446 692 1531 creditur,
739 1446 1075 1541 possidet)
1124 1474 1163 1516 a
1212 1450 1549 1517 teterrimo
1593 1448 1862 1516 homine
1911 1449 2303 1543 supplicium

193 1549 430 1646 exegit!
471 1556 657 1621 Inter
690 1556 895 1646 ipsam
923 1554 1095 1619 enim
1137 1551 1382 1622 fallacis
1416 1567 1483 1619 et
1516 1555 1788 1647 ingratae
1818 1552 2028 1648 culpae
2060 1556 2304 1649 cogita-

194 1662 419 1727 tionem
444 1712 464 1741 ,
498 1660 801 1753 spiritum
833 1661 1081 1753 posuit,
1107 1660 1291 1751 quasi
1321 1672 1571 1728 tortore
1600 1659 1818 1753 aliquo
1850 1676 2138 1730 mentem
2167 1661 2307 1754 ejus

191 1766 347 1834 intus
384 1766 762 1851 cruciante3
797 1764 975 1858 quod
1010 1764 1606 1852 animadvertebat,
1646 1792 1684 1834 e
1726 1768 1858 1836 vita
1898 1767 1982 1836 ad
2026 1782 2305 1837 mortem

192 1874 527 1941 transitum
576 1868 775 1940 ¹suum
829 1886 897 1941 et
948 1873 1203 1965 superis
1249 1871 1368 1940 diis
1414 1874 1696 1941 invisum
1741 1897 1916 1959 esse,
1966 1889 2032 1942 et
2080 1875 2307 1943 inferis

190 1976 627 2047 detestabilem
670 1977 987 2046 futurum.

189 2066 203 2080 ⁹
281 2108 350 2178 9.
398 2086 495 2152 M.
544 2109 704 2154 vero
744 2084 1032 2178 Popilius
1076 2086 1382 2153 senatorii
1422 2085 1669 2154 ordinis
1705 2088 1999 2180 Oppium
2037 2085 2303 2155 Gallum

188 2191 260 2265 ab
301 2192 576 2259 ineunte
613 2205 803 2261 aetate
839 2189 1410 2261 familiarissimum
1455 2192 1616 2277 sibi,
1664 2194 1981 2278 moriens,
2023 2218 2145 2286 pro
2189 2218 2304 2260 ve-

189 2309 351 2365 tustb
365 2298 535 2394 jure
575 2298 914 2384 amicitiae,
950 2312 1017 2365 et
1063 2294 1252 2365 vultu
1292 2297 1578 2392 benigno
1621 2300 1937 2391 respexit,
1976 2313 2044 2366 et
2087 2298 2304 2366 verbis

190 2427 493 2497 magnum
519 2430 655 2499 prae
675 2429 743 2474 se
773 2428 1066 2472 amorem
1084 2403 1444 2474 ferentibus
1463 2418 1904 2499 prosequutus
1926 2419 2041 2473 est.
2075 2406 2304 2473 Unum

189 2512 370 2580 etiam
400 2510 486 2579 de
517 2510 767 2596 multis,
791 2512 903 2605 qui
925 2511 1326 2596 assidebant,
1355 2509 1587 2579 ultimo
1614 2508 1961 2604 complexu
1984 2525 2050 2579 et
2077 2506 2306 2580 osculo

190 2617 448 2713 dignum
468 2619 829 2711 judicavit3
855 2602 1288 2714 insuperque³
1320 2616 1598 2687 annulos
1621 2644 1883 2712 quoque
1913 2643 2066 2688 suos
2095 2620 2153 2687 ei
2184 2632 2307 2687 tra-

189 2723 336 2793 didit
359 2779 378 2810 ,
418 2724 726 2794 videlicet
765 2749 849 2792 ne
884 2725 1042 2818 quid
1079 2750 1159 2793 ex
1205 2748 1282 2793 ea
1318 2724 1722 2810 hereditate,
1756 2750 1954 2818 quam
1993 2751 2128 2794 non
2161 2739 2303 2793 erat

189 2831 504 2916 aditurus,
531 2834 878 2901 amitteret.
912 2833 1100 2920 Quos
1136 2833 1319 2900 ocius
1349 2833 1451 2899 vir
1481 2830 1790 2926 diligenS,
1821 2831 1933 2900 sed
1968 2833 2306 2900 morientis

189 2940 363 3007 amici
405 2937 678 3032 plenum
725 2937 1139 3007 contumeliae
1180 2937 1575 3022 ludibrium,
1620 2940 1685 3005 in
1730 2926 2076 3006 locellum⁴
2113 2962 2303 3032 repo·

192 3046 366 3129 sitoS,
404 3060 474 3113 et
516 3069 554 3112 a
599 3045 1026 3139 praesentibus
1069 3046 1430 3138 assignatos
1475 3042 2004 3138 diligentissime,
2045 3043 2303 3112 heredi-

191 3148 298 3220 bus
345 3149 518 3220 illius
576 3151 849 3220 exheres
893 3153 1028 3246 ipse
1071 3150 1369 3219 reddidit.
1408 3150 1589 3239 Quid
1625 3151 1754 3220 hoc
1792 3148 1938 3219 loco
1961 3136 1982 3174 ⁵
2027 3150 2303 3218 inhone-

264 3364 306 3397 1.
350 3345 737 3395 Damnationem.
772 3343 896 3394 Haec
929 3340 995 3394 ad
1024 3343 1195 3395 incre·
1284 3340 1509 3393 Plurimi
1533 3340 1681 3393 MSS.
1708 3341 1904 3393 habent
1920 3361 2175 3411 superque,
2204 3360 2303 3393 un·

190 3425 441 3492 pationem
470 3421 600 3475 dicit
618 3423 797 3475 Valer.
822 3440 931 3473 non
952 3420 1099 3491 quod
1124 3422 1196 3474 ita
1283 3419 1351 3473 de
1389 3420 1697 3473 Perizonius
1733 3421 1955 3473 malebat
1998 3440 2139 3491 super
2166 3441 2303 3493 quoe,

191 3520 285 3554 esse
320 3503 617 3574 significare
655 3502 799 3554 velit.
840 3503 923 3554 Ita
960 3503 1103 3554 enim
1151 3502 1197 3554 si
1281 3500 1402 3571 quia
1459 3500 1592 3552 solet
1642 3497 1698 3551 id
1745 3501 1800 3552 in
1855 3499 2006 3552 MSS.
2059 3499 2172 3553 aine
2221 3499 2304 3552 di·

192 3581 378 3644 fuisset,
402 3585 597 3635 frustm
626 3581 907 3634 advocatos
931 3594 984 3633 et
1014 3594 1194 3652 patro·
1280 3580 1558 3662 phthongo
1604 3580 1796 3644 scribi;
1851 3580 1937 3633 cui
1990 3583 2304 3650 conjectura!

192 3679 272 3713 nos
295 3662 395 3714 sibi
425 3662 778 3733 quaesivissem
816 3659 906 3713 sed
934 3659 1079 3731 quod
1104 3681 1193 3713 ve·
1278 3661 1506 3712 Torren.
1534 3671 1589 3710 et
1604 3660 1782 3730 Kapp.
1810 3659 2181 3712 assentiuntur.

191 3741 390 3794 n'simile
430 3743 528 3803 sit,
576 3761 643 3794 ex
684 3742 877 3794 effectu
917 3743 1028 3809 ejus
1071 3760 1193 3793 eum
1364 3747 1416 3804 4.
1450 3737 2011 3791 Locellum.vid.P1in.
2034 3739 2186 3798 xlv,
2213 3740 2301 3790 13.

190 3823 480 3892 expetivisse
505 3820 1019 3875 condemnationem.
1366 3822 1414 3872 5.
1437 3821 1581 3871 Loco.
1614 3820 1743 3870 Loco
1760 3838 1857 3890 per
1871 3856 1889 3882 ,
1907 3819 2010 3870 hoc
2033 3830 2271 3888 tempore
2285 3856 2302 3881 ,

262 3922 309 3954 τ.
328 3903 569 3954 Annulos.
593 3903 673 3954 De
696 3900 983 3953 traditione
998 3900 1189 3959 annuli,
1279 3918 1339 3951 ea
1370 3899 1647 3951 occasione
1677 3899 1904 3969 explicat
1928 3898 2187 3967 Kappius.
2212 3898 2304 3949 Li-

192 3980 382 4034 heredis
422 4001 481 4034 ac
523 3981 835 4034 successoris
879 3978 1190 4033 instituendi
1279 3979 1426 4050 psius
1448 3978 1752 4031 etVorstius
1772 3979 1943 4048 legere
1957 3978 2157 4029 malunt
2166 3979 2298 4046 joco,

193 4071 381 4122 testera,
397 4060 503 4113 vid.
519 4062 712 4132 interp.
726 4059 792 4112 ad
813 4060 1045 4122 Curt.X,
1065 4060 1117 4121 5,
1138 4065 1189 4121 4.
1280 4073 1339 4111 ut
1364 4057 1592 4130 quadret
1618 4060 1672 4109 in
1699 4058 1942 4110 scurrilem
1966 4057 2119 4108 lusum
2147 4057 2301 4110 infra.

261 4142 309 4193 3.
354 4142 649 4212 Insuper-que.
684 4140 801 4192 Hoc
832 4160 860 4193 a
885 4140 1072 4209 Pighio
1093 4152 1188 4196 est.
1281 4139 1476 4191 Forsan
1495 4139 1626 4190 locus
1648 4137 1863 4208 respicit
1882 4134 1948 4189 ad
1964 4136 2194 4190 locellum·
