3143 5204
418 468 604 535 CAP.
650 468 822 552 XII,
871 467 1241 533 OPTIMIS
1288 466 1482 533 ART.
1537 466 1893 533 MAGIST.
1922 519 1940 553 ,
1992 490 2135 535 Ere.
2207 491 2347 562 109

230 627 355 670 non
395 602 654 685 vivum,
692 600 916 668 labore
946 598 1282 668 industriae
1320 625 1452 669 suae
1488 599 2347 695 comprehenderam-cujus

225 708 493 776 naribus
521 732 787 802 spumas
815 706 1096 798 adjicere
1124 707 1426 800 cupiens,
1458 720 1681 775 tantus
1704 705 1936 775 artifex
1962 709 2028 779 in
2054 722 2186 776 tam
2211 733 2352 801 par-

224 814 373 882 vula
416 815 689 882 materia
723 812 1005 882 multum
1040 837 1118 882 ac
1158 811 1271 881 diu
1308 811 1548 881 frustra
1583 814 1922 882 terebatur
1944 811 2001 879 ¹:
2050 814 2348 907 indigna·

222 923 402 989 tione
433 919 668 989 deinde
706 944 1054 1007 accensus,
1094 920 1438 1014 spongiam
1475 919 1782 988 omnibus
1817 920 2136 990 imbutam
2172 919 2349 989 colo·

219 1027 404 1096 ribus
445 1026 615 1096 sorte
650 1017 840 1120 juxta
884 1052 953 1095 se
994 1028 1278 1120 positam
1313 1026 1791 1121 apprehendit,
1827 1041 1929 1114 et,
1965 1025 2168 1095 veluti
2203 1052 2349 1096 cor-

219 1148 540 1228 rupturus
594 1158 763 1228 opus
818 1157 1055 1220 suum,
1123 1130 1360 1202 tabulae
1415 1131 1630 1219 illisit;
1682 1157 1879 1226 quam
1938 1132 2205 1201 fortuna
2265 1133 2349 1201 ad

219 1242 393 1335 ipsas
429 1241 582 1333 equi
625 1264 815 1308 nares
855 1239 1205 1324 directam,
1249 1239 1644 1308 desiderium
1680 1240 1954 1333 pictoris
1990 1242 2206 1335 coegit
2240 1265 2349 1308 ex-

217 1343 476 1440 plere²:
534 1348 754 1439 itaque
798 1346 976 1440 quod
1025 1329 1168 1414 ars³
1225 1345 1624 1419 adumbrare
1682 1369 1817 1412 non
1874 1343 2115 1431 valuit,
2162 1371 2352 1415 casus

221 1467 515 1522 imitatus
551 1468 669 1521 est.

885 1565 1332 1654 CAPUT
1445 1566 1671 1652 XII.

227 1752 487 1837 Optimis
509 1754 745 1814 artium
772 1753 1089 1837 magistris
1115 1749 1581 1814 concedendum
1615 1773 1740 1814 esse
1753 1798 1773 1832 ,
1804 1748 2155 1836 utfactum
2180 1753 2359 1840 apud

1134 1855 1443 1918 Romanos

794 2016 935 2061 Furio
956 2025 1003 2060 et
1021 2013 1248 2061 Cascellio
1272 2015 1320 2059 iu
1341 2014 1446 2073 jure
1469 2013 1779 2075 prcediatorio.

232 2149 488 2237 Optimis
516 2151 753 2211 attium
780 2149 1092 2233 magistris
1118 2144 1582 2210 concedendum
1613 2168 1770 2224 esse,
1799 2161 1873 2209 ut
1882 2144 2150 2228 factum
2179 2148 2359 2235 apud

1125 2252 1446 2315 Externos

300 2419 334 2449 1.
360 2402 545 2449 Euclidi
563 2404 612 2448 in
630 2403 897 2462 geometria.
916 2427 977 2435 -
997 2416 1039 2446 2.
1066 2399 1245 2445 Philoni
1268 2399 1314 2444 in
1338 2399 1666 2446 architectura.
1686 2425 1738 2434 —-
1767 2398 1812 2445 3.
1832 2400 1984 2460 Apelli
2004 2399 2050 2445 in
2072 2401 2270 2462 pictura.

227 2548 562 2601 OPTIMIS
606 2547 927 2600 ARTIUM
969 2544 1418 2599 MAGISTRIS
1460 2543 2101 2598 CONCEDENDUM
2133 2544 2348 2613 ESSE,

672 2643 782 2697 UT
825 2643 1162 2696 FACTUM
1205 2643 1420 2694 APUD
1462 2640 1872 2694 ROMANOS.

320 2794 469 2861 Suae
509 2805 730 2859 autem
768 2791 926 2858 artis
968 2811 1506 2880 unumquemque
1548 2801 1617 2854 et
1659 2775 2075 2873 auctorem⁴,
2112 2803 2177 2856 et
2217 2788 2346 2859 dis-

224 2913 592 2990 putatorem
632 2898 954 2991 optimum
1000 2920 1177 2980 esse,
1214 2918 1297 2962 ne
1334 2893 1741 2978 dubitemus,
1779 2896 2005 2987 paucis
2035 2895 2349 2989 exemplis

222 3004 710 3074 admoneamus.

222 3185 283 3239 de
302 3178 467 3240 sortit.
486 3187 636 3239 Alex.
650 3187 828 3239 Pictor
844 3225 859 3252 ,
882 3185 1053 3237 Plinio
1076 3197 1232 3250 teste,
1324 3184 1437 3244 aevi,
1449 3182 1594 3254 quod
1606 3184 1712 3235 huc
1725 3185 1963 3254 profecto
1982 3203 2090 3236 non
2106 3184 2348 3256 quadrat.

223 3267 313 3320 fuit
343 3268 580 3320 Nealces.
596 3299 677 3309 —
691 3265 842 3319 Modo
871 3284 965 3317 non
981 3305 996 3327 ‚
1034 3264 1090 3318 id
1121 3278 1199 3318 est
1215 3302 1232 3330 ‚
1404 3263 1459 3316 3.
1479 3264 1599 3316 Ars.
1619 3263 1768 3315 Hanc
1781 3282 1963 3316 vocem
1982 3282 2011 3315 a
2028 3264 2344 3334 quibusdam

221 3346 633 3419 propemodum,
665 3360 725 3399 ut
749 3345 875 3398 alibi
906 3357 1087 3396 tantum
1119 3365 1231 3397 non.
1322 3342 1615 3397 editoribus
1641 3343 1777 3395 male
1804 3345 2022 3414 ejectam
2053 3345 2345 3398 Torrenius

299 3446 343 3480 1.
379 3425 804 3480 Terebaeur.Vid.
829 3427 876 3491 1,
905 3427 968 3491 8,
990 3425 1229 3490 63v111,
1321 3423 1511 3476 merito
1540 3423 1789 3487 restituit.

227 3515 288 3570 14
321 3508 440 3562 init.
471 3510 611 3561 Ante
641 3506 919 3559 Vorstium
950 3505 1110 3575 vulgo
1144 3506 1229 3562 ,le-
1405 3509 1457 3565 4.
1492 3503 1768 3556 Auctorem.
1802 3502 1953 3573 Pigh.
1991 3503 2046 3555 in
2080 3523 2188 3556 uno
2223 3503 2344 3558 cod.

220 3588 400 3656 gebant
429 3588 692 3639 tenebatur.
1322 3583 1518 3654 reperit
1536 3594 1741 3635 actorem
1754 3620 1766 3639 ,
1782 3580 1927 3653 quod
1947 3585 2235 3653 genuinum
2252 3604 2349 3656 pu·

299 3689 349 3720 2.
381 3669 612 3738 Explere.
640 3668 825 3720 Plures
853 3664 1118 3735 exemplare
1132 3703 1145 3724 ,
1178 3663 1233 3717 id
1323 3676 1427 3729 tat,
1447 3677 1498 3716 et
1518 3662 1574 3715 in
1594 3676 1793 3716 textum
1813 3663 2015 3733 recipit.
2037 3662 2197 3716 Addit
2216 3663 2342 3717 item

221 3760 322 3809 est,
346 3749 609 3800 describere
635 3748 705 3799 ad
722 3747 978 3817 newham
1007 3745 1233 3806 alterius,-
1322 3741 1660 3815 quodCicero
1673 3743 1916 3796 similiter
1928 3741 2347 3809 dixeritrsummus

220 3844 321 3879 non
351 3847 481 3880 vero
505 3829 782 3898 eximplere,
811 3825 876 3878 ad
900 3826 1125 3877 formam
1151 3824 1236 3875 ad·
1278 3887 1288 3898 ἱ
1323 3843 1569 3875 causarum
1588 3824 1947 3875 actor.Verum
1968 3842 2152 3893 parum
2174 3823 2345 3876 simile

222 3908 404 3976 implere
432 3909 658 3973 factum,
678 3907 757 3960 uti
774 3906 984 3977 Lipsius
1003 3904 1233 3976 putavit,
1324 3922 1433 3956 esse
1462 3904 1565 3956 hoc
1603 3903 1752 3956 alteri
1786 3904 2031 3956 vorstius
2057 3902 2345 3957 contendit.

221 3987 525 4059 qniquoque
538 3988 803 4058 exemplare
815 3984 1239 4055 tamquamigno-
1326 3983 1445 4035 Non
1469 3984 1642 4047 euim,
1671 3982 1794 4054 quia
1817 4002 2007 4035 causam
2034 4003 2177 4053 agere
2201 3981 2345 4036 dica-

224 4065 319 4119 tius
368 4068 592 4120 verbum
644 4084 918 4139 perperam
975 4062 1236 4136 praetulit3
1326 4075 1437 4127 tur,
1466 4062 1588 4116 ideo
1621 4076 1674 4116 et
1700 4076 1847 4114 artem
1880 4083 2021 4132 agere
2060 4061 2345 4118 dicendum

223 4164 335 4198 uam
382 4149 648 4219 exemplare
691 4160 767 4199 est
807 4145 1028 4198 verbum
1075 4142 1235 4196 medii
1325 4141 1493 4195 videri
1530 4156 1695 4215 putat.
