3143 5204
614 505 827 574 CAP.
884 505 1107 573 v111.
1164 505 1299 572 DE
1348 505 2048 574 TEMERITATE.
2251 533 2379 604 171

274 664 311 706 a
344 662 606 708 summo
641 639 953 731 imperio,
990 635 1072 704 ad
1113 660 1301 724 eum,
1340 637 1452 730 qui
1490 635 1673 705 nullo
1708 638 1775 704 in
1810 637 2064 706 honore
2102 662 2393 709 versare-

269 761 411 830 tur,
448 745 729 813 transire
766 758 1193 838 cogeremini-3
1221 743 1335 811 sed
1362 745 1504 837 quis
1535 743 1703 811 ferat
1732 743 2002 813 militem
2025 798 2043 831 ‚
2071 747 2231 814 scita
2259 745 2395 840 ple-

272 850 372 921 bis
408 853 609 919 exitio
646 850 839 945 legati
877 849 1359 944 corrigentem?

381 983 449 1027 2.
509 959 641 1026 Pro
689 954 958 1027 consule
1020 956 1192 1025 istud
1243 971 1379 1026 tam
1431 955 1752 1025 violenter
1803 959 2179 1045 exercitus3
2234 958 2396 1028 illud

272 1063 589 1133 adversus
627 1060 1046 1133 consulem‚¹:
1080 1064 1164 1151 Q.
1197 1066 1370 1133 enim
1399 1064 1789 1157 Pompeium
1820 1062 2013 1134 Sullae
2043 1065 2397 1160 collegam,

271 1185 539 1240 senatus
561 1171 747 1264 jussu
775 1170 859 1238 ad
889 1172 1251 1239 exercitum
1288 1174 1412 1240 Cn.
1444 1167 1809 1265 Pompeii'²,
1841 1174 2042 1264 ¹quem
2079 1171 2396 1267 aliquam·

271 1278 386 1346 diu
413 1278 618 1347 invita
646 1277 913 1345 civitate
939 1276 1311 1363 obtinebat,
1342 1276 1742 1347 contendere
1770 1300 2040 1365 ausum,
2071 1279 2398 1350 ambitiosi

271 1383 463 1453 ducis
512 1381 833 1452 illecebris
884 1386 1180 1478 corrupti
1227 1382 1463 1453 milites
1483 1438 1503 1472 ,
1556 1382 1926 1454 sacrificare
1978 1385 2398 1481 incipientem

272 1489 527 1576 adorti,
560 1490 629 1556 in
662 1489 933 1561 modum
968 1490 1203 1561 hostiae
1233 1505 1726 1573 mactaverunt,
1761 1506 2152 1586 tantumque
2188 1491 2399 1562 scelus

274 1599 503 1682 curia,
539 1597 771 1664 castris
805 1597 1038 1665 cedere
1079 1622 1147 1665 se
1188 1597 1522 1684 confessa,
1556 1596 1839 1666 inultum
1882 1598 2132 1667 habuit.

387 1701 452 1773 3.
495 1700 615 1770 Ille
642 1726 905 1797 quoque
935 1705 1257 1774 exercitus
1285 1704 1530 1773 nefarie
1559 1690 1948 1792 violentus³‚
1983 1707 2093 1799 qui
2133 1707 2208 1774 C.
2238 1708 2400 1775 Car-

273 1809 551 1889 bonem,
576 1808 845 1878 fratrem
869 1810 1194 1880 Carbonis
1222 1826 1321 1880 ter
1349 1809 1666 1898 consulis,
1694 1826 1970 1906 propter
1993 1811 2164 1879 bella
2186 1810 2403 1881 civilia

273 1914 658 1985 dissolutam
709 1914 1117 2011 disciplinam
1166 1916 1515 1986 militarem
1565 1907 1974 2012 praefractius
2022 1933 2088 1987 et
2134 1917 2402 2013 rigidius

274 2021 685 2117 adstringere
715 2039 1061 2107 conatum,
1095 2026 1382 2118 privavit
1410 2024 1584 2119 vita3
1621 2026 1951 2119 satiusque
1982 2024 2166 2094 duxit
2196 2026 2402 2093 maxi-

274 2154 389 2198 mo
445 2126 689 2198 scelere
735 2131 1188 2224 coinquinari,
1240 2154 1437 2224 quam
1487 2155 1730 2224 pravos
1788 2156 1867 2200 ac
1922 2146 2129 2200 tetros
2186 2155 2404 2200 mores

273 2250 551 2304 mutare.

912 2359 1403 2449 CAPUT
1473 2360 1761 2447 VIII.

871 2561 966 2624 De
997 2564 1341 2625 temeritate
1367 2558 1814 2625 Romanorum.

420 2758 458 2788 t.
482 2746 531 2788 P.
556 2741 760 2788 Africani
781 2742 983 2803 majoris.
1012 2768 1073 2777 —
1095 2758 1141 2788 τι.
1167 2745 1218 2791 C.
1244 2743 1433 2789 Caesaris
1458 2758 1556 2789 cos.
1581 2757 1627 2788 a.
1651 2768 1713 2777 —
1741 2742 1781 2787 3.
1806 2741 2047 2789 Exercitus
2067 2742 2259 2788 romani.

863 2905 960 2966 De
993 2908 1335 2969 temeritate
1365 2905 1813 2968 Externorum.

758 3088 798 3118 1.
826 3073 1095 3118 Hannibalis
1114 3073 1253 3134 poeni.
1279 3099 1342 3108 -
1364 3086 1408 3118 α.
1432 3073 1727 3118 Atheniensi·
1750 3071 1931 3134 populi.

664 3240 771 3291 DE
818 3240 1379 3293 TEMERITATE
1431 3237 2023 3291 ROMANORUM.

388 3419 800 3487 Temeritatis
849 3419 1047 3488 etiam
1097 3433 1163 3486 et
1202 3404 1439 3487 subiti⁴
1491 3430 1558 3485 et
1608 3416 2032 3484 vehementes
2077 3430 2230 3485 sunt
2280 3418 2408 3483 im-

373 3638 418 3671 1.
454 3618 722 3671 Consulem.
757 3616 960 3670 Eodem
988 3634 1160 3669 anno:
1192 3614 1299 3668 vid.
1390 3617 1650 3669 exercitus
1669 3615 1722 3668 in
1742 3616 1920 3668 Africa
1936 3615 2095 3669 fuisse
2110 3616 2407 3687 conjicitur.

283 3711 525 3752 auctores
546 3697 778 3752 eosdem.
1391 3729 1471 3738 —
1497 3696 1801 3748 Carbonem..
1837 3695 2093 3749 Nonnulli
2118 3694 2266 3748 MSS.
2306 3693 2408 3749 Gn.

372 3797 423 3830 s.
457 3780 691 3848 Pompeii.
715 3778 913 3830 Forsan
936 3776 1210 3830 Strabonis
1225 3806 1307 3819 -
1396 3774 1676 3829 Carbonem.
1826 3810 1847 3834 e
1891 3789 1912 3804 ⁸

285 3857 585 3927 Sea-ficare.
616 3861 696 3911 De
724 3875 874 3911 more
900 3857 1193 3911 exercitum
1223 3873 1307 3908 ac-
1480 3863 1531 3920 4.
1573 3857 1648 3908 Ee
1681 3855 1827 3908 cubiti
1862 3868 1911 3906 ee
1945 3856 2255 3906 whemenees.
2294 3855 2414 3907 Hoc

244 3964 249 3968 ·
287 3951 538 4009 oeptnrus
562 3938 913 4004 sacrificabat,
950 3956 1115 4009 quum
1140 3936 1309 4002 nihil,
1397 3936 1615 4007 Pighius
1655 3953 1717 3988 ex
1756 3933 1911 4000 MSS.
1945 3935 2050 3987 Alii
2083 3938 2151 3985 e'ea
2186 3934 2334 3986 subiti
2366 3948 2414 3986 ee

287 4018 392 4071 nisi
412 4019 636 4088 per-ctis
657 4019 814 4072 sau-is
827 4058 843 4084 ‚
863 4020 1185 4090 susciperent
1206 4018 1308 4070 Ro·
1392 4017 1713 4077 vehementes,
1745 4013 1889 4068 unde
1913 4014 2221 4068 Perizonius
2249 4016 2413 4086 conji-

286 4098 449 4151 mni.
1394 4096 1466 4150 cit
1494 4108 1549 4147 ue
1577 4096 1725 4148 subiti
1751 4099 1821 4147 ita
1844 4096 2152 4148 wltementes.
2177 4093 2277 4148 Ed.
2306 4108 2409 4149 vet.

374 4178 427 4230 3.
463 4178 730 4231 Violentus.
759 4179 859 4231 An.
884 4179 1017 4232 urb.
1049 4181 1181 4248 671.
1209 4175 1309 4229 Hic
1396 4188 1684 4249 utrumque
1714 4189 1763 4229 et
1791 4175 2004 4229 omittit.
