3143 5204
733 457 869 529 162
1109 461 1547 532 VALERII
1602 466 2018 537 MAXIMI
2074 472 2266 541 LIB.
2323 474 2456 547 IX.

1460 693 1934 795 CAPUT
2018 698 2120 786 V.

1086 916 1182 981 De
1212 918 1497 1004 superbia
1530 932 1593 985 et
1623 925 1983 1011 impotentia
2018 927 2469 995 Romanorum.

717 1126 762 1160 π.
783 1113 850 1158 Μ.
878 1110 1028 1158 Fulvii
1049 1109 1202 1157 Flacci
1223 1128 1319 1159 cos.
1349 1139 1397 1149 -
1442 1129 1490 1160 2.
1520 1117 1589 1161 Μ.
1618 1115 1736 1162 Livii
1776 1120 1917 1167 Drusi
1957 1121 2132 1166 tribuni
2160 1122 2326 1183 plebis.
2351 1148 2413 1159 —-
2450 1125 2492 1173 3.
2521 1127 2605 1173 Cn.
2638 1128 2848 1190 Pompeii

1247 1193 1407 1253 Magni
1430 1208 1525 1239 cos.
1548 1192 1591 1239 3.
1614 1219 1675 1229 --
1698 1202 1741 1249 4.
1769 1199 1834 1242 Μ.
1855 1198 2045 1245 Antonii
2067 1202 2312 1247 triumviri.

1084 1360 1182 1425 De
1210 1359 1497 1451 superbia
1524 1372 1588 1425 et
1621 1350 1983 1450 impotentia
2016 1367 2468 1433 Eae-ternorum.

812 1565 852 1598 ι.
875 1552 1126 1600 Alexandri
1147 1555 1324 1617 Magni.
1346 1579 1408 1592 -
1426 1568 1470 1601 2.
1493 1556 1659 1602 Xerxis
1680 1558 1922 1603 Persarum
1943 1559 2080 1621 regis.
2098 1586 2151 1596 -—
2173 1560 2214 1606 3.
2235 1563 2504 1611 Hannibalis
2523 1567 2667 1613 Puni.
2691 1592 2757 1606 -

1283 1640 1326 1688 4.
1353 1634 1744 1695 Carthaginiensis
1767 1645 1817 1693 et
1838 1636 2061 1698 Campani
2084 1649 2282 1686 senatus.

911 1810 1326 1867 surenam
1365 1813 1466 1866 ET
1507 1784 2035 1871 lMPOT’ENTIA
2075 1819 2635 1879 nominonum.

831 2025 888 2071 1.
929 2003 1146 2094 Atque
1182 2014 1258 2068 ut
1297 1999 1607 2094 superbia
1643 2024 1905 2094 quoque
1943 2017 2009 2070 et
2050 2005 2437 2099 impotentia
2476 2011 2541 2078 in
2578 2017 2839 2109 conspi-

714 2133 841 2178 cuo
864 2120 1221 2202 ponantur,
1240 2109 1336 2176 M.
1352 2105 1621 2175 Fulvius
1635 2106 1906 2177 Flaccus
1929 2111 2190 2196 consul,
2214 2116 2307 2182 M.
2327 2115 2561 2187 Plautii
2582 2121 2846 2215 Hypsaei

714 2214 968 2308 collega
989 2212 1031 2299 ¹,
1059 2238 1262 2307 quum
1301 2215 1883 2308 perniciosissimas
1918 2217 2294 2311 reipublicae
2332 2220 2507 2317 leges
2544 2226 2843 2296 introdu-

716 2335 930 2406 ceret,
959 2319 1043 2389 de
1074 2322 1339 2389 civitate
1375 2319 1628 2407 danda,
1665 2335 1733 2389 et
1762 2322 1843 2389 de
1869 2327 2342 2416 provocatione
2371 2328 2455 2397 ad
2485 2332 2805 2426 populum
2824 2387 2844 2423 ‚

716 2452 984 2514 eorum,
1024 2429 1135 2521 qni
1166 2428 1497 2496 civitatem
1532 2442 1790 2496 mutare
1824 2428 2216 2518 voluissent,
2256 2460 2429 2528 aegre
2461 2438 2845 2532 compulsus

717 2549 851 2619 est,
890 2547 966 2601 ut
1009 2535 1074 2600 in
1117 2534 1370 2601 curiam
1421 2535 1712 2621 veniret3
1757 2534 1993 2602 deinde
2032 2541 2269 2631 partim
2315 2545 2645 2632 monenti,
2689 2570 2844 2641 par·

716 2642 835 2708 tim
881 2641 1096 2707 oranti
1140 2642 1426 2726 senatui,
1464 2654 1537 2708 ut
1573 2641 1836 2733 incepto
1866 2641 2244 2730 desisteret,
2284 2673 2668 2743 responsum
2706 2679 2845 2725 non

715 2743 917 2813 dedit.
977 2746 1329 2837 Tyrannici
1378 2743 1619 2814 consul.
1658 2748 1923 2840 spiritus
1967 2748 2372 2840 haberetur,
2424 2758 2474 2823 si
2525 2757 2845 2830 adversus

714 2874 924 2920 unum
963 2864 1332 2919 senatorem
1375 2851 1507 2919 hoc
1554 2852 1755 2921 modo
1798 2879 1866 2922 se
1910 2859 2249 2949 gessisset,
2291 2886 2424 2955 quo
2460 2862 2735 2934 Flaccus
2775 2868 2847 2938 in

714 2960 915 3026 totius
950 2955 1331 3050 amplissimi
1366 2957 1614 3027 ordinis
1652 2964 2135 3032 contemnenda
2171 2967 2509 3061 majestate
2544 2987 2845 3043 versatus

712 3077 837 3132 est.

824 3193 888 3236 2.
937 3169 1105 3256 Quae
1147 3192 1186 3235 a
1230 3171 1326 3237 M.
1364 3194 1629 3263 quoque
1671 3173 1895 3240 Druso
1938 3175 2209 3245 tribuno
2253 3178 2461 3272 plebis
2503 3207 2624 3277 per
2661 3209 2839 3254 sum·

713 3298 891 3343 mam
918 3274 1389 3343 contumeliam
1409 3293 1643 3346 vexata
1669 3275 1831 3363 est²3
1861 3267 2085 3373 parvi³
2114 3286 2288 3353 enim
2321 3286 2551 3358 habuit
2582 3292 2657 3359 L.
2685 3293 2840 3361 Phi-

708 3503 868 3558 prum
912 3483 1152 3555 redigere
1195 3484 1253 3537 in
1291 3485 1579 3558 provincia
1623 3487 1731 3539 for·
1818 3489 2105 3556 Impotemae’a
2143 3505 2249 3558 est,
2283 3508 2386 3565 qua
2422 3495 2543 3568 quis
2574 3497 2674 3552 sihi
2712 3511 2842 3553 tem—

709 3583 848 3620 mam
867 3603 884 3627 ,
925 3578 977 3616 et
1015 3565 1271 3617 Catonem
1311 3567 1569 3618 miserunt
1585 3605 1599 3629 ,
1637 3568 1729 3637 qui
1817 3587 2003 3638 perere
2032 3572 2217 3627 nescit.
2239 3605 2320 3616 --
2344 3575 2570 3630 civitate.
2594 3579 2698 3643 Ut,
2723 3581 2841 3651 qni-

704 3646 904 3716 regiam
927 3645 1204 3716 pec‘uniam
1231 3646 1451 3698 Romam
1481 3644 1729 3717 deporta·
1816 3666 2025 3721 cunque
2054 3652 2183 3705 civis
2213 3672 2463 3709 romanus
2499 3657 2617 3712 fieri
2649 3660 2836 3724 vellet,

704 3736 803 3777 ret.
840 3723 1004 3791 Quod
1047 3726 1138 3777 ubi
1175 3727 1335 3778 sensit
1372 3727 1686 3779 Ptolemaeus
1711 3764 1728 3790 ‚
1815 3727 1874 3780 id
1900 3731 1948 3782 ei
1973 3749 2180 3802 semper
2198 3734 2395 3788 liceret.

703 3804 874 3856 nimio
902 3803 1086 3857 dolore
1119 3806 1351 3875 percitus
1387 3824 1593 3859 veneno
1624 3807 1730 3861 fata
1901 3829 1951 3862 2.
1982 3812 2176 3864 Vexata
2211 3826 2299 3867 est.
2326 3816 2427 3868 An.
2457 3816 2526 3868 U.
2555 3820 2684 3871 662.
2714 3819 2835 3873 Liv.

700 3886 976 3954 pravenit.
1815 3887 2019 3953 Lxxl;
2046 3891 2088 3942 F
2089 3892 2186 3944 lor.
2205 3894 2306 3957 111,
2327 3913 2420 3965 17;
2443 3899 2694 3969 supi-NI,
2714 3918 2768 3959 ι,
2782 3919 2835 3953 2.

785 3983 833 4017 1.
867 3964 1088 4034 Collega.
1112 3965 1216 4017 An.
1239 3965 1307 4016 U.
1336 3967 1468 4019 628.
1492 3965 1719 4036 Appian.
1896 3971 1950 4022 3.
1993 3969 2158 4024 Parvi.
2198 3973 2278 4026 Ita
2315 3974 2530 4046 Pighius
2567 3994 2631 4030 ex
2676 3978 2829 4032 MSS.

695 4042 848 4097 Civil.
863 4044 1496 4099 1.—M.Vater.Flaccus.
1511 4044 1719 4098 Horum
1807 4045 1990 4100 edidit.
2026 4050 2132 4101 Alii
2162 4072 2362 4121 pat-mx,
2403 4055 2459 4108 id
2492 4069 2595 4118 est,
2620 4076 2733 4111 non
2760 4078 2837 4112 n·

688 4125 1022 4180 consulatum
1037 4124 1280 4179 meminit
1295 4136 1350 4178 et
1368 4123 1524 4179 Oros.
1541 4125 1611 4188 V,
1637 4143 1659 4178 1
1672 4143 1716 4180 ι.
1804 4127 1895 4195 tis,
1915 4127 2097 4183 habuit.
2117 4131 2244 4187 vid.
2258 4134 2388 4190 Sall.
2408 4135 2442 4187 J
2447 4154 2528 4206 ug.
2556 4136 2646 4198 34.
