3143 5204
347 495 556 563 CAP.
598 494 697 578 X,
733 493 874 560 DE·
915 492 1918 575 PRONUNTIATIONE,
1952 516 2097 562 E‘rc.
2171 517 2298 561 ιοῐ

187 633 305 722 qui
348 624 765 720 praedicabat.
814 627 1050 693 Fertur
1097 625 1403 719 quidam,
1447 650 1651 718 quum
1717 624 2072 694 admodum
2119 650 2315 694 senex

189 735 415 827 primae
451 733 754 802 concioni
798 730 1063 805 Periclis
1107 729 1577 801 adolescentuli
1613 732 1983 817 interesset,
2011 731 2315 825 idemque

184 841 441 934 juvenis
477 839 885 907 Pisistratum
926 839 1064 930 jam
1105 836 1515 933 decrepitum
1556 840 2056 909 concionantem
2098 838 2314 907 audis-

190 961 283 1015 set
301 1000 322 1031 ,
364 971 503 1014 non
543 960 943 1039 temperasse
998 945 1121 1014 sibi
1164 971 1298 1039 quo
1337 946 1554 1013 minus
1597 944 2034 1032 exclamaret,
2080 948 2322 1016 Caveri

189 1054 369 1121 illum
431 1057 637 1121 civem
691 1068 1005 1146 oportere
1024 1105 1043 1136 ‚
1093 1052 1287 1146 quod
1319 1056 1673 1120 Ριζςιὶςιναιι·
1717 1058 2023 1121 orationi
2057 1052 2312 1119 similli-

191 1183 298 1227 ma
343 1158 495 1251 ejus
548 1175 728 1227 essee
765 1164 1031 1243 oratz'05
1078 1184 1201 1228 nec
1244 1159 1579 1228 hominem
1628 1173 1744 1228 aut
1785 1160 2127 1228 aestimatio
2170 1156 2313 1226 elo-

191 1267 360 1360 quii,
398 1281 519 1337 aut
555 1290 818 1334 morum
854 1264 1245 1360 augurium¹
1282 1263 1532 1334 fefellit.
1570 1264 1753 1353 Quid
1792 1268 1968 1333 enim
2013 1267 2181 1333 inter
2209 1264 2311 1332 Pi-

191 1374 523 1441 sistratum
570 1387 639 1441 et
682 1371 1000 1440 Periclem
1049 1371 1387 1457 interfuit,
1438 1372 1560 1440 nisi
1609 1371 1788 1464 quod
1831 1371 1937 1441 ille
1980 1384 2271 1439 armatus
2295 1421 2313 1453 ,

190 1479 290 1547 hic
332 1482 477 1548 sine
520 1480 719 1548 armis
760 1478 1177 1572 tyrannidem
1219 1475 1466 1571 gessit?

292 1583 357 1655 3.
387 1586 735 1674 Quantum
764 1584 1139 1680 eloquentia
1164 1584 1444 1653 valuisse
1468 1582 1876 1678 Hegesiam³‚
1901 1584 2318 1677 cyrenaicum

195 1691 698 1788 philosophum,
733 1690 1186 1761 arbitramur?
1221 1693 1334 1785 qui
1380 1692 1473 1760 sic
1504 1688 1678 1760 mala
1714 1692 1865 1760 vitae
1894 1705 2318 1785 repraesenta-

193 1798 335 1887 bat,
374 1813 457 1868 ut
494 1823 724 1868 eorum
768 1797 1195 1868 miseranda
1150 1798 1460 1929 3imagine
1495 1797 1907 1866 audientium
1941 1796 2320 1892 pectoribus

193 1907 457 1990 inserta,
490 1902 712 1974 multis
747 1890 1172 1974 voluntariae³
1204 1906 1434 1974 mortis
1470 1904 1858 1999 oppetendae
1892 1904 2321 1999 cupiditatem

195 2010 655 2106 ingeneraret?
687 2012 976 2107 Ideoque
1014 2036 1053 2080 a
1092 2036 1247 2106 rege
1276 2011 1631 2081 Ptolemaeo
1662 2010 1935 2080 ulterius
1975 2011 2100 2080 hac
2130 2009 2213 2079 de
2252 2034 2322 2077 re

194 2118 510 2188 disserere
548 2118 919 2213 prohibitus
959 2133 1077 2189 est.
2070 2130 2081 2143 “

925 2306 1398 2395 CAPUT
1487 2309 1600 2395 X.

315 2501 413 2563 De
434 2497 963 2587 pronuntiatione
998 2512 1063 2562 et
1091 2513 1250 2587 apto
1278 2510 1456 2563 motu
1486 2503 1762 2588 corporis
1795 2502 1861 2563 in
1890 2500 2211 2563 Romanis.

615 2674 654 2704 ι.
674 2659 727 2704 C.
749 2657 974 2704 Graccho.
996 2684 1056 2693 —
1081 2673 1125 2703 α.
1144 2660 1205 2716 Q.
1226 2658 1492 2705 Hortensio.
1515 2685 1579 2694 —
1597 2658 1642 2705 3.
1666 2661 1736 2705 Μ’.
1754 2659 1929 2706 Tullio.

323 2795 426 2857 De
443 2792 968 2880 pronuntiatione
1002 2807 1067 2855 et
1097 2806 1246 2880 apto
1281 2807 1456 2857 motu
1478 2796 1752 2882 corporis
1782 2796 1845 2856 in
1875 2793 1937 2856 E
1938 2795 2203 2857 xternis.

955 2959 1273 3005 Demosthene
1312 2960 1587 3006 atheniensi.

306 3104 408 3157 DE
449 3102 1106 3156 PRONUNTIATIONE
1143 3102 1240 3155 ΕΤ
1279 3103 1467 3156 APTO
1508 3103 1722 3156 MOTU
1764 3103 2119 3158 CORPORIS
2161 3105 2241 3157 IN

1094 3199 1434 3254 ROMANIS.

303 3361 730 3479 Eloquentiae·
767 3373 987 3428 autem
1026 3374 1417 3429 ornamenta
1456 3363 1523 3429 in
1566 3364 2104 3455 pronuntiatione
2148 3379 2339 3457 apta,

205 3483 267 3536 et
305 3467 732 3537 convenienti
777 3454 1006 3534 motu⁴
1042 3469 1338 3562 corporis
1377 3468 1763 3537 consistunt.
1801 3456 2105 3556 Quibus⁵
2133 3494 2340 3563 quum

207 3658 367 3712 apes·
353 3681 368 3692 .
402 3658 527 3691 nam
571 3638 697 3709 quia
735 3638 906 3691 mellis
952 3639 1234 3702 meminit,
1402 3641 1452 3693 3.
1500 3640 1805 3692 Voluntaria
1844 3647 2007 3695 mortis
2046 3643 2340 3713 oppetendoe.

206 3733 345 3772 recte
376 3720 436 3772 in
464 3718 776 3789 metaphora
804 3718 1088 3788 persistens
1115 3737 1238 3771 acu·
1318 3718 1418 3772 Ed.
1457 3733 1560 3772 vet.
1595 3740 1717 3773 cum
1748 3722 1891 3775 Ultr.
1927 3723 2082 3793 prim.
2112 3723 2343 3774 volunta-

205 3800 313 3853 leos
344 3796 519 3853 addit.
1319 3804 1457 3852 riam.
1498 3799 1698 3852 Eadem
1737 3820 1859 3855 cum
1890 3802 2155 3873 plerisque
2191 3801 2341 3856 MSS.

292 3898 338 3932 1.
373 3881 578 3947 Augur-i
578 3897 673 3929 um.
694 3876 866 3930 Omen
887 3890 939 3931 et
960 3876 1237 3932 divinatio.
1319 3880 1615 3952 appetendae.

291 3978 346 4010 2.
382 3959 463 4010 He
437 3962 662 4027 egesiam.
684 3957 923 4011 Laertius
949 3958 1234 4029 Aristipp.;
1407 3966 1456 4022 4.
1491 3960 1649 4012 Motu.
1682 3925 2050 4013 pronuntiatio
2076 3972 2154 4012 est
2173 3961 2343 4027 vocis,

209 4038 319 4091 Cic.
353 4039 516 4090 Tusc.
551 4038 576 4088 1
594 4078 608 4103 ,
655 4040 743 4097 34.
788 4069 867 4078 —
901 4037 1232 4111 Cyrenaicum.
1323 4040 1500 4092 vultus
1525 4053 1578 4092 et
1600 4053 1773 4111 gestus
1795 4039 2087 4093 moderatio
2114 4059 2235 4092 cum
2261 4060 2347 4094 ve-

210 4119 458 4182 Quorum
473 4130 656 4170 auctor
665 4117 983 4189 Aristippus,
996 4118 1089 4189 qui
1102 4137 1238 4170 sum·
1327 4133 1547 4173 nustate.

222 4216 366 4249 mum
391 4199 592 4250 bouum
619 4217 648 4250 e
674 4198 944 4269 voluptate
974 4199 1139 4270 petiit.
1412 4200 1462 4252 5.
1478 4199 2067 4271 Quibus.AliquotMSS.
2083 4205 2181 4271 qui.
2194 4201 2350 4254 Male.

2020 4294 2044 4332 3

1958 4333 1995 4403 7
