3143 5204
1144 450 1583 521 VALERss
1639 448 2046 520 ΜΑΧΙΜῙ
2100 452 2290 522 LIB.
2348 450 2478 521 IX.

749 584 1025 654 tondere
1079 585 1245 655 filias
1292 604 1441 653 suas
1482 585 1749 653 docuit.
1796 604 2077 678 quarum
2123 585 2479 679 ipsarum¹,
2524 601 2871 680 postquam

748 691 987 761 adultae
1017 694 1188 761 aetati
1211 691 1868 811 appropinquabant,
1898 692 2202 761 manibus
2230 640 2480 761 ferruni
2509 713 2645 762 non
2674 716 2874 764 ausus

749 792 1192 885 committere,
1230 799 1543 884 instituit,
1584 813 1659 866 ut
1693 797 2114 866 candentium
2137 797 2553 893 juglandium
2585 804 2871 894 putami-

748 904 943 973 nibus
979 905 1255 973 barbam
1288 906 1407 972 sibi
1438 919 1504 973 et
1535 903 1844 999 capillum
1882 904 2270 992 adurerent;
2306 930 2430 975 nec
2469 909 2872 976 securiorem

746 1013 1058 1079 maritum
1076 1012 1242 1106 egit,
1263 1032 1458 1105 quam
1478 1026 1768 1105 patrem;
1792 1010 2075 1080 duarum
2096 958 2272 1080 enini
2290 1013 2525 1082 eodem
2543 1028 2875 1108 tempore,

743 1117 1237 1188 Aristomaches
1261 1142 1669 1212 syracusanae
1697 1134 1765 1187 et
1781 1117 2094 1188 locrensis
2117 1120 2416 1204 Doridis,
2436 1122 2876 1190 matrimoniis

745 1222 1062 1317 illigatus,
1090 1226 1387 1293 neutrius
1416 1249 1739 1319 unquam,
1771 1228 1896 1294 nisi
1927 1225 2277 1313 excussae²‚
2308 1226 2728 1321 complexum
2753 1253 2871 1322 pe·

748 1331 885 1416 tiit3
909 1337 1105 1425 atque
1131 1333 1327 1400 etiam
1350 1332 1794 1402 cubicularem
1821 1332 2093 1419 lectum,
2124 1334 2396 1427 perinde
2418 1336 2606 1427 quasi
2630 1344 2877 1417 casn-a,

746 1435 874 1503 lata
903 1437 1074 1507 fossa
1099 1439 1339 1507 cinxit:
1369 1441 1438 1507 in
1460 1465 1656 1533 quem
1688 1465 1756 1508 se
1785 1439 2001 1534 ligneo
2026 1456 2227 1534 ponte
2255 1441 2645 1535 recipiebat,
2668 1452 2876 1533 quum

749 1542 960 1611 forem
987 1543 1275 1614 cubiculi
1313 1549 1718 1617 extrinsecus
1753 1572 1790 1614 a
1820 1546 2202 1616 custodibus
2233 1562 2533 1642 opertam
2556 1600 2576 1634 ‚
2609 1549 2876 1615 interio-

751 1674 891 1717 rem
919 1651 1207 1720 claustro
1238 1654 1376 1746 ipse
1406 1652 1755 1746 diligenter
1781 1654 2168 1723 obserasset.

1362 1858 1847 1947 CAPUT
1937 1859 2218 1944 XIV.

1171 2053 1262 2114 De
1298 2051 1703 2115 similitudine
1709 2050 1960 2137 fhrmae
1997 2052 2444 2115 Romanorum.

761 453 897 546 198

749 2231 787 2262 1.
817 2220 903 2264 Cn.
926 2219 1137 2279 Pompeii
1166 2219 1326 2279 Magni
1351 2232 1458 2264 cnm
1483 2219 1629 2263 vibio
1651 2226 1699 2264 et
1721 2217 1951 2263 Publicio.
1979 2242 2040 2251 --
2071 2231 2115 2262 2.
2139 2218 2227 2263 Cn.
2257 2210 2469 2276 Pompeii
2504 2214 2744 2261 Sti-abnuis
2777 2229 2883 2259 cum

804 2299 1065 2361 Menogene
1101 2314 1268 2360 coquo.
1307 2325 1368 2333 —
1412 2298 1455 2343 3.
1497 2301 1548 2343 P.
1591 2297 1824 2358 Scipionis
1861 2298 2040 2343 Nazicae
2074 2312 2182 2342 cum
2214 2296 2464 2357 Serapione
2501 2295 2780 2342 victimario.
2831 2321 2883 2329 —-

806 2384 853 2431 4.
883 2380 933 2424 Ρ.
964 2380 1148 2424 Lentuli
1178 2388 1225 2424 et
1265 2381 1322 2436 Q.
1357 2377 1539 2424 Metelli
1573 2393 1690 2423 coss.
1729 2393 1834 2422 cum
1869 2370 2116 2437 Spinthere
2144 2386 2190 2421 et
2212 2376 2456 2437 Pamphilo
2482 2374 2804 2421 histrionibus.
2825 2402 2883 2409 -

808 2456 852 2500 5.
877 2459 943 2502 M.
968 2457 1193 2504 Messallae
1217 2468 1264 2503 et
1289 2462 1344 2503 C.
1370 2456 1586 2503 Curionis
1614 2468 1720 2501 cum
1741 2457 2005 2516 ‘Menogene
2032 2465 2078 2499 et
2101 2454 2336 2501 Burbuleo
2360 2453 2566 2501 scenicis.

1168 2583 1262 2644 De
1297 2579 1700 2645 similitudine
1709 2577 1963 2664 formae
1997 2579 2060 2642 E
2061 2593 2454 2642 aeternorum.

752 2737 789 2765 1.
821 2722 1033 2767 Antiochi
1058 2722 1179 2781 regis
1203 2721 1345 2778 syrim
1368 2736 1473 2767 cum
1499 2723 1747 2765 Artemone
1770 2720 1989 2780 quodam.
2015 2746 2075 2754 —-
2100 2734 2143 2765 α.
2172 2720 2368 2779 Hybreoe
2395 2721 2591 2766 oratoris
2616 2736 2725 2765 cum
2753 2735 2887 2766 servo

965 2801 1256 2857 Cymaeorum
1284 2800 1492 2860 publico.
1516 2825 1577 2833 —-
1605 2799 1649 2846 3.
1673 2798 1818 2845 Siculi
1845 2798 2089 2859 piscatoris
2114 2814 2221 2844 cnm
2244 2808 2442 2859 praetore
2465 2813 2673 2844 romano.

924 2940 1029 2992 DE
1069 2939 1718 2991 SIMILITUDINE
1761 2940 2080 2991 FORMAE
2121 2933 2715 2992 ROMANORUM.

859 3077 961 3142 De
998 3075 1415 3142 similitudine
1453 3089 1671 3141 autem
1717 3075 1882 3159 oris,
1914 3088 1978 3141 et
2011 3076 2209 3142 totius
2243 3078 2576 3169 conparis,
2612 3061 2890 3144 ³altiore

841 3284 861 3316 1
879 3306 890 3316 .
912 3265 1143 3332 Ipsarum.
1176 3259 1393 3330 Pighius
1423 3259 1557 3309 hanc
1589 3277 1770 3309 vocem

754 3345 1023 3415 expunxit.
1062 3335 1219 3394 Male.
1252 3338 1463 3390 Etenim
1497 3357 1605 3389 non
1637 3336 1771 3389 nihil

753 3425 890 3478 valet
917 3428 1121 3495 ipset-iem
1151 3419 1217 3473 ad
1257 3418 1651 3490 exprimendam
1688 3430 1770 3487 ty-

751 3506 906 3559 ranni
927 3501 1306 3564 diffidentiam,
1329 3499 1421 3571 qui
1442 3509 1508 3551 ne
1531 3500 1638 3551 suis
1660 3498 1772 3568 qui-

754 3583 877 3639 dem
905 3583 1109 3638 filiabus
1136 3581 1298 3634 vitam
1327 3579 1656 3632 committere
1687 3595 1773 3629 au-

756 3687 843 3720 sus
868 3678 961 3718 est.
977 3665 1147 3715 Immo
1164 3662 1351 3714 Cicero
1376 3661 1433 3712 in
1452 3660 1551 3711 hac
1566 3659 1678 3729 ipsa
1695 3677 1771 3721 re,

751 3743 985 3810 Tusc.V,
1007 3757 1055 3796 et
1076 3755 1227 3793 tamen
1255 3740 1316 3791 ab
1342 3741 1436 3792 illis
1462 3741 1576 3810 ipsis
1586 3742 1773 3805 ferrum

754 3831 962 3878 removit.
981 3859 1059 3868 —
1079 3820 1411 3890 Juglandium.
1429 3820 1516 3872 Sic
1534 3838 1774 3890 expresse

753 3905 839 3958 ed.
879 3919 981 3958 vet.
1016 3902 1247 3970 Quidam
1266 3900 1575 3970 juglandium
1602 3920 1659 3949 ac
1687 3918 1774 3950 mt-

753 4006 856 4038 cum
869 3984 1213 4056 putaminibus.
1233 3980 1313 4032 Ex
1335 3982 1516 4051 glossa.
1529 3979 1776 4031 Vorstius

754 4065 969 4136 conjicit
1014 4062 1321 4134 juglandium
1381 4078 1547 4113 nucum
1559 4079 1578 4121 ,·
1633 4058 1777 4130 quod

748 4140 828 4197 illi
874 4166 970 4196 nux
1010 4146 1208 4213 juglans
1259 4162 1350 4210 per
1395 4140 1778 4212 appositionem

1859 3255 1965 3307 dici
1997 3274 2147 3325 posse
2178 3256 2422 3322 videtur,
2450 3272 2506 3310 ut
2541 3278 2641 3309 mm:
2664 3269 2890 3309 castanea

1862 3334 2002 3405 apud
2020 3336 2210 3405 virgil.
2240 3340 2284 3388 A
2304 3353 2406 3408 qua
2434 3341 2735 3408 conjectura
2750 3339 2889 3390 Tor·

1859 3417 2037 3467 renius
2075 3435 2185 3468 non
2219 3418 2484 3471 abhorret.
2525 3417 2669 3470 Num
2683 3420 2891 3487 juglans

1860 3493 1999 3548 idem
2041 3497 2107 3549 sit
2150 3516 2207 3550 ac
2247 3497 2379 3550 lovis
2402 3499 2583 3568 glans?
2608 3487 2738 3551 vid.
2774 3499 2890 3549 Ma-

1861 3579 2008 3629 crob.
2035 3579 2094 3629 11
2111 3617 2126 3643 ,
2163 3568 2265 3642 1'4'3
2289 3591 2341 3630 et
2367 3578 2592 3631 Gravius
2616 3579 2805 3631 Bassus
2821 3578 2890 3630 de

1862 3657 2255 3728 Significatione
2286 3659 2592 3710 verborum.

1946 3759 1996 3790 2.
2026 3740 2272 3790 Excussere.
2304 3736 2475 3789 Probe
2503 3737 2890 3809 pervestigatae‚

1865 3837 1928 3868 an
1962 3819 2160 3870 ferrum
2182 3818 2419 3870 haberet.
2444 3817 2522 3870 De
2550 3819 2760 3879 Doride,
2779 3817 2889 3870 vid.

1865 3899 2056 3951 AElian.
2083 3899 2162 3949 IX
2181 3935 2197 3960 ‚
2235 3900 2296 3960 83
2327 3898 2492 3961 xm,
2527 3917 2613 3951 10.
2642 3898 2889 3968 Pighius,

1869 3977 2089 4030 Colerus
2115 3990 2168 4030 et
2189 3977 2682 4048 Thysius'Clon'dis,
2713 3980 2890 4031 minus

1867 4073 2035 4121 recte,
2066 4071 2117 4109 et
2139 4070 2321 4110 contra
2347 4058 2527 4111 libros.

1953 4147 1998 4190 3.
2022 4138 2228 4190 Altior-c.
2249 4136 2454 4190 Alludit
2473 4138 2648 4190 forsan
2669 4137 2734 4190 ad
2754 4138 2890 4190 Ana-
