3143 5204
335 500 524 567 CAP.
579 497 722 581 ΙΙΙ,
777 497 900 563 DE
956 496 1255 563 VAFRE
1311 497 1552 565 DICT.
1611 499 1796 566 AUT
1851 499 2095 567 FACT.
2212 524 2307 595 29

191 657 315 703 non
359 630 625 726 reliquit
666 629 731 698 id
769 629 1015 698 factum
1051 629 1407 718 damnare,
1444 630 1621 725 quod
1659 634 1782 726 ipsi
1826 632 1967 700 fieri
2010 633 2309 703 debuisse

184 740 651 833 judicaverant.

292 860 355 929 8.
403 857 594 926 Alter
635 858 789 925 item
834 854 1160 924 Hannibal
1185 854 1201 878 ¹
1231 854 1507 923 Fabium
1548 857 1956 944 Maximum,
1999 849 2310 929 invictam

193 990 521 1035 armorum
561 988 829 1033 suorum
869 966 1003 1031 vim
1038 961 1479 1032 saluberrimis
1516 965 2044 1034 cunctationibus
2076 992 2312 1061 pugnae

194 1073 633 1142 ludificantem
657 1126 675 1157 ‚
714 1086 789 1138 ut
831 1069 1046 1164 aliqua
1096 1071 1463 1164 suspicione
1505 1071 1810 1140 trahendi
1858 1071 2006 1139 belli
2051 1097 2312 1168 resper-

197 1195 406 1275 geret,
437 1181 642 1248 totius
672 1176 870 1247 Italiae
899 1201 1091 1271 agros
1123 1176 1298 1245 ferro
1333 1191 1528 1269 atque
1561 1179 1694 1272 igni
1732 1177 2050 1248 vastando
2073 1234 2092 1267 ,
2119 1183 2313 1249 unius

197 1289 323 1380 ejus
380 1285 662 1355 fundum
717 1286 1074 1352 immunem
1131 1284 1215 1352 ab
1272 1283 1399 1352 hoc
1454 1285 1703 1378 injuriae
1753 1309 1992 1379 genere
2036 1284 2312 1380 reliquit.

198 1394 582 1462 profecisset
633 1390 875 1487 aliquid
926 1392 1089 1460 tanti
1143 1390 1443 1460 beneficii
1494 1392 1803 1461 insidiosa
1860 1392 2273 1463 adumbratio
2299 1448 2317 1480 ‚

199 1504 310 1569 nisi
355 1525 650 1569 romanae
702 1499 850 1567 urbi
906 1511 972 1565 et
1028 1498 1206 1566 Fabii
1252 1498 1466 1592 ‘pietas
1502 1553 1522 1587 ,
1589 1513 1657 1567 et
1711 1498 2094 1569 Hannibalis
2151 1500 2319 1569 vafri

200 1633 406 1676 mores
448 1607 724 1675 fuissent
765 1606 1100 1674 notissimi.

297 1756 363 1827 9.
408 1729 798 1799 Tusculanis
835 1729 1026 1798 etiam
1064 1730 1362 1797 acumine
1400 1726 1650 1796 consilii
1683 1728 2097 1799 incolumitas
2134 1746 2324 1825 parta

204 1835 363 1906 est’:
404 1862 611 1934 quum
663 1838 837 1905 enim
879 1836 1127 1905 crebris
1172 1820 1746 1905 rebellationibus³
1789 1839 2213 1925 meruissent,
2249 1853 2325 1906 ut
2425 1848 2426 1853 ’

206 1970 422 2013 eorum
452 1945 689 2012 urbem
721 1942 1013 2012 funditus
1044 1944 1329 2010 Romani
1369 1958 1664 2012 evertere
1702 1942 1977 2032 vellent,
2007 1959 2206 2040 atque
2239 1944 2322 2013 ad

208 2052 267 2120 id
299 2051 788 2146 exsequendum
832 2052 1066 2118 Furius
1109 2048 1458 2134 CamilluS,
1498 2051 1824 2120 maximus
1860 2052 2030 2137 dux,
2068 2051 2324 2121 validis·

209 2160 361 2227 simo
408 2162 771 2227 instructus
819 2158 1107 2225 exercitu
1151 2159 1473 2240 venisset3
1510 2159 1796 2225 universi
1844 2160 1899 2225 ei
1952 2160 2155 2253 togati
2199 2159 2325 2227 ob-

211 2268 369 2333 viam
406 2277 900 2360 processerunt,
939 2278 1475 2357 commeatusque
1512 2278 1579 2331 et
1616 2278 1849 2332 caetera
1886 2266 2065 2359 pacis
2102 2268 2329 2332 munia

210 2372 663 2467 benignissime
700 2372 1161 2465 praestiterunt.
1195 2370 1543 2437 Armatum
1579 2372 1776 2437 etiam
1814 2372 2059 2438 intrare
2088 2374 2329 2439 moenia

215 2481 373 2572 passi
413 2495 596 2565 sunt,
626 2503 748 2546 nec
788 2476 1009 2563 vultu,
1039 2501 1161 2546 nec
1203 2476 1430 2545 habitu
1469 2491 1741 2546 mutato.
1775 2479 1926 2564 Qua
1964 2478 2330 2546 constantia

217 2584 686 2680 tranquillitatis
712 2612 845 2654 non
881 2583 1091 2654 solum
1117 2583 1200 2653 ad
1228 2585 1529 2654 amicitiae
1550 2598 1793 2653 nostrae
1813 2584 1921 2678 jus
1942 2638 1960 2670 ‚
1987 2584 2102 2652 sed
2129 2586 2326 2653 etiam

218 2692 291 2759 ad
325 2696 860 2763 communionem
897 2694 1180 2761 civitatis
1216 2716 1425 2786 usque
1442 2679 1490 2777 ⁴¹,
1526 2707 2056 2786 penetraverunt.
2095 2693 2326 2786 Sagaci

219 2798 470 2869 hercule
495 2803 594 2869 usi
627 2799 1074 2894 simplicitate3
1101 2801 1411 2893 quoniam
1439 2800 1655 2893 aptius
1680 2823 1824 2868 esse
1849 2798 2326 2885 intellexerant,

224 2921 452 2975 metum
494 2907 718 2976 officio
760 2904 1194 2990 dissimulare,
1222 2929 1419 2999 quam
1460 2908 1658 2974 armis
1699 2920 2066 3000 protegere.

326 3051 432 3096 10.
482 3031 570 3095 At
596 3024 994 3095 Volscorum
1031 3024 1218 3093 ducis
1256 3024 1429 3092 Tulli
1472 3024 1865 3094 exsecrabile
1903 3022 2245 3092 consilium
2268 3009 2328 3107 ⁵3

300 3247 344 3281 ι.
370 3230 517 3281 Alter
541 3232 651 3279 item
672 3227 939 3280 Hannibal.
959 3228 1101 3280 Ultr.
1122 3246 1220 3279 sec.
1310 3226 1444 3277 XIV
1461 3265 1475 3290 ,
1509 3226 1539 3278 3
1556 3245 1574 3278 ι
1588 3267 1601 3279 .
1620 3259 1700 3268 -
1715 3227 1960 3278 Maximus
1987 3225 2101 3276 dax.
2136 3225 2328 3296 Copes.

230 3321 273 3360 et
296 3309 403 3361 alin
431 3311 579 3362 Alter
602 3308 870 3361 Hannibal.
905 3308 1049 3361 Harl.
1083 3307 1229 3359 Alter
1312 3305 1509 3358 omittit
1530 3307 1657 3367 dum
1673 3305 1821 3376 Pigh.
1847 3324 2024 3357 vocem
2051 3318 2331 3376 utramque

232 3389 438 3450 Fabam,
456 3389 653 3441 omisso
664 3391 773 3440 item
787 3388 1051 3447 Hanm'bal,
1070 3406 1226 3458 quam
1313 3386 1473 3455 ejicit.
1500 3385 1603 3437 Sed
1629 3386 1918 3437 Torrenius
1948 3405 2009 3438 ex
2043 3387 2197 3456 genio
2222 3387 2330 3438 Va-

232 3468 486 3522 lectionem
502 3487 612 3521 non
626 3469 1231 3520 sinecamaverainTor-
1313 3465 1428 3517 lerii
1462 3464 1693 3536 judicat,
1725 3466 1880 3518 ambo
1915 3464 2090 3518 adesse
2122 3463 2331 3518 debere.

232 3567 326 3601 ren.
346 3549 944 3620 arbitratui-,suspicans
965 3551 1071 3600 item
1090 3548 1232 3599 Han·
1315 3546 1460 3599 Facit
1485 3547 1628 3598 enim
1660 3544 1725 3598 ad
1753 3565 1865 3598 rem
1893 3544 2332 3616 exaggerandam,

234 3629 350 3679 nibal
370 3649 400 3681 e
428 3630 595 3700 glossa
630 3630 685 3681 in
715 3641 916 3680 textum
946 3628 1227 3698 irrepsisse.
1316 3624 1460 3697 quod
1503 3631 1732 3678 maximus
1778 3626 1878 3677 dus
1905 3646 2008 3677 cum
2041 3625 2334 3677 validissimo

236 3739 299 3750 -
314 3711 531 3780 Reliquit.
551 3712 650 3761 An.
670 3711 738 3762 U.
760 3709 870 3761 536
882 3749 893 3759 .
908 3707 1024 3759 Liv.
1043 3708 1200 3758 XXII
1214 3746 1230 3772 ,
1314 3719 1510 3758 venerae
1527 3711 1735 3757 exercitu
1755 3707 1824 3757 ad
1841 3707 2132 3758 evertendam
2156 3705 2328 3756 urbem.

240 3788 328 3853 233
352 3791 488 3842 plut.
515 3791 571 3841 in
596 3787 785 3853 Fabio;
809 3789 989 3840 Front.
1009 3788 1035 3838 I
1053 3826 1069 3851 ‚
1098 3790 1150 3840 8.
1399 3792 1450 3843 ά.
1500 3786 1672 3858 Usque.
1707 3786 2074 3856 praepositioni
2107 3784 2176 3835 ad
2210 3785 2334 3837 sub-

307 3889 352 3921 ².
390 3871 549 3921 Parta
583 3882 669 3921 est.
701 3869 801 3920 An.
842 3869 909 3920 U.
956 3867 1083 3938 373.
1115 3865 1230 3920 Liv.
1312 3867 1403 3938 jici
1437 3886 1608 3938 usque,
1642 3867 1683 3918 si
1717 3868 1936 3918 verbum
1967 3876 2218 3936 penetrare
2253 3883 2331 3916 se-

237 3947 303 4001 Vl
323 3990 337 4016 ,
360 3952 455 4013 25;
487 3950 629 4003 Plnt.
659 3951 712 4001 in
737 3948 942 4001 camin.
1318 3960 1534 4018 quatur,
1568 3965 1756 4016 resque
1790 3945 1951 3999 ardua
1981 3943 2334 4016 significetur,

307 4031 357 4082 3.
397 4029 815 4082 Rebeuneionibus.
849 4029 969 4080 Vox
1018 4047 1047 4079 e
1089 4026 1230 4097 vulgi
1317 4027 1583 4079 neminem
1617 4027 1766 4096 fugit.

239 4105 427 4162 dicendi
474 4130 657 4174 more,
698 4121 757 4161 ut
790 4109 1009 4160 Vossius
1050 4120 1231 4179 putat,
1403 4109 1453 4159 5.
1486 4106 1762 4159 Consilium.
1808 4108 1907 4158 An.
1948 4106 2016 4158 U.
2059 4107 2186 4168 264.
2219 4105 2335 4157 Liv.

243 4203 498 4263 assumpta.
527 4189 657 4244 vid.
697 4201 869 4241 tamen
894 4185 1064 4241 Tacit.
1093 4188 1229 4239 Anu.
1321 4188 1405 4250 11,
1442 4187 1510 4256 37
1532 4228 1546 4250 ‚
1581 4200 1708 4240 tom.
1739 4187 1797 4250 1,
1824 4204 1942 4257 pag.
1973 4185 2116 4249 250,
2147 4198 2338 4238 nostra·
