3143 5204
749 507 894 552 222

743 614 916 665 ximus
946 630 1112 682 quum
1135 624 1373 682 caperet,
1408 628 1517 662 non
1542 627 1639 662 suo
1669 627 1766 661 no-

746 693 916 758 mine,
950 690 1041 744 sed
1085 691 1295 743 Amatas
1319 708 1513 743 vocare¹
1547 688 1765 743 solebat.

745 773 891 838 Quin
934 783 987 823 ct
1025 789 1245 842 sponsa,
1287 770 1414 822 item
1454 767 1766 822 Plutarchus

743 862 994 914 testatur,
1038 849 1106 903 ad
1139 868 1392 922 sponsum
1425 847 1683 911 deducta,
1713 862 1767 901 et

744 931 944 1003 profu-i
963 933 1100 1000 jusu
1117 969 1134 995 ,
1171 931 1256 982 his
1280 929 1453 982 verbis
1486 947 1609 982 eum
1634 929 1764 983 allo-

745 1011 839 1083 qui
872 1011 1032 1063 solet:
1074 1009 1172 1062 Ubi
1210 1022 1263 1060 tu
1295 1008 1460 1069 Caius,
1497 1029 1588 1078 ego
1619 1008 1762 1061 Cuia.

744 1092 823 1143 Ita
848 1090 1046 1143 scilicet
1080 1088 1148 1142 de
1181 1085 1493 1159 paciscendo
1525 1089 1762 1140 fortuna-

743 1189 862 1222 rum
901 1170 1312 1239 facultatumque
1341 1168 1582 1220 omnium
1617 1186 1762 1220 com-

744 1247 1052 1301 munionem
1071 1287 1087 1312 ,
1125 1247 1269 1319 quasi
1309 1245 1539 1300 diceret:
1570 1247 1681 1299 Ubi
1704 1258 1762 1299 tu

744 1327 991 1380 dominus
1032 1347 1092 1381 ac
1125 1327 1313 1387 herus,
1344 1346 1441 1397 ego
1469 1324 1686 1380 domina
1709 1339 1763 1379 et

742 1409 909 1461 hera:
938 1407 1033 1459 ubi
1076 1419 1137 1460 tu
1173 1405 1458 1478 gaudebis,
1498 1426 1596 1478 ego
1634 1424 1761 1477 gau-

740 1485 897 1541 debo.
911 1487 1085 1552 Quam
1096 1487 1375 1557 paritatem
1386 1486 1620 1557 conjugii
1632 1484 1763 1538 duo-

739 1567 840 1620 bus
874 1566 1216 1622 semicirculis
1242 1567 1516 1639 signarunt
1536 1565 1762 1637 antiqui·

740 1658 825 1699 tus
842 1686 857 1714 ,
897 1645 975 1700 uti
1011 1644 1196 1703 dexter
1237 1645 1518 1711 maritum,
1548 1646 1761 1698 sinister

737 1745 958 1779 uxorem
998 1737 1351 1797 repraesentet.
1393 1726 1501 1790 Qui
1528 1724 1759 1795 conjugii

736 1806 929 1878 copula
940 1806 1163 1859 connexi
1175 1806 1433 1859 circulum
1446 1805 1726 1858 absolvunt
1740 1842 1758 1870 ,

738 1884 794 1938 id
824 1898 929 1943 est,
957 1904 1073 1938 rem
1093 1885 1340 1939 omnibus
1362 1886 1602 1938 'numeris
1620 1886 1757 1938 inte·

734 1984 881 2036 gram
896 1977 950 2019 et
965 1965 1399 2018 absolutissimam
1408 1965 1753 2022 constituunt.

736 2046 877 2098 Hinc
901 2047 958 2098 ni
987 2045 1171 2110 fallor,
1205 2057 1381 2098 ortum
1411 2058 1513 2111 est,
1539 2058 1601 2098 ut
1620 2044 1756 2097 anti-

735 2125 828 2196 qui
847 2143 1183 2196 praenomen,
1216 2124 1393 2187 Caius,
1418 2127 1480 2179 C.
1500 2138 1575 2186 et,
1601 2125 1747 2183 Cala,

733 2204 884 2258 litera
914 2204 1098 2258 eadem
1128 2205 1365 2270 inversa,
1396 2205 1471 2258 sic
1498 2211 1571 2270 D,
1601 2218 1753 2258 nota·

732 2284 867 2352 rint;
907 2303 1024 2356 quae
1058 2284 1315 2338 circulum
1346 2287 1541 2356 juncta
1561 2285 1755 2337 consti-

731 2376 923 2426 tuunt,
952 2363 1245 2437 eodemque
1280 2363 1533 2426 mundus»,
1567 2367 1752 2434 conju-

726 2444 907 2513 gium,
942 2445 1238 2516 generatim
1266 2457 1317 2498 et
1349 2444 1610 2498 aetemitas
1635 2444 1751 2497 hie-

1018 480 1421 549 EPITOME
1475 482 1600 547 DE
1655 481 2112 548 NOMINUM
2166 481 2583 550 RATIONE.

1855 609 2165 681 roglyphiee
2187 610 2594 682 significabatur.
2625 610 2774 662 caios
2789 630 2888 663 au·

1855 701 1961 742 tem
1990 709 2018 742 a
2038 689 2224 760 gaudio
2234 710 2255 752 ,·
2287 681 2448 752 Tiios,
2480 709 2541 743 ac
2571 692 2723 742 Titios
2744 710 2773 741 a
2798 703 2882 743 tu-

1855 770 2002 821 tando
2033 782 2362 842 nuncupatos
2396 770 2608 835 volunt,
2650 783 2711 822 ut
2752 784 2882 824 ante

1853 846 2055 902 dictum
2096 861 2175 903 est
2206 869 2221 902 ε
2263 867 2382 921 qua
2418 847 2618 904 idcireo
2655 852 2878 903 nomina

1849 928 2183 983 habebantur
2207 928 2494 1000 auspicata,
2517 942 2577 983 ut
2600 941 2654 984 et
2672 948 2877 1001 coguo-

1850 1027 1972 1061 men
2012 1008 2218 1061 Probus.
2253 1011 2428 1081 Atque
2463 1009 2561 1061 ista
2593 1011 2875 1062 occ-‘mione

1850 1088 2081 1142 fortassis
2114 1088 2186 1140 ita
2228 1108 2329 1142 usu
2369 1088 2578 1160 vulgata
2606 1103 2758 1157 sunt,
2811 1104 2876 1143 ut

1843 1167 2207 1237 jurisconsulti
2242 1169 2297 1220 in
2337 1168 2445 1221 suis
2481 1169 2690 1240 scriptis
2715 1189 2876 1241 quos-

1847 1265 2074 1319 cumque
2112 1247 2223 1300 sere
2258 1247 2428 1313 viros,
2457 1248 2540 1301 vel
2576 1246 2752 1314 Caabs,
2785 1252 2868 1302 vel

1856 1328 2009 1379 Titios
2051 1327 2390 1397 appellarint,
2432 1340 2484 1380 et
2511 1346 2871 1399 quascumque

1846 1407 2091 1459 mulieres
2105 1444 2122 1470 ‚
2146 1405 2293 1459 Calas
2309 1407 2391 1459 vel
2418 1409 2572 1459 Titias
2578 1428 2599 1470 ;
2611 1426 2778 1480 quum
2796 1408 2869 1462 de

1845 1486 2215 1539 controversiis
2256 1485 2396 1538 inter
2437 1505 2687 1558 personas
2736 1490 2867 1541 ortis

1845 1564 2138 1632 disserunt,
2180 1579 2234 1619 et
2276 1584 2424 1618 casus
2453 1567 2680 1638 exempli
2711 1587 2866 1621 causa

1843 1658 2169 1718 proponunt.
2197 1645 2358 1698 Pron.
2387 1644 2558 1698 Caium
2579 1667 2677 1699 esse
2706 1668 2756 1699 se
2784 1649 2862 1700 di-

1843 1739 2001 1777 cerent
2030 1726 2093 1779 C.
2126 1726 2260 1777 Titii.
2305 1725 2471 1778 Multa
2504 1726 2593 1778 hic
2630 1725 2866 1799 disputat
2904 1734 2910 1738 ’

1843 1805 2060 1877 Pighius
2099 1817 2161 1858 ut
2195 1804 2385 1876 probet
2414 1817 2555 1859 recte
2585 1806 2675 1860 hic
2704 1809 2862 1861 scribi

1845 1884 1958 1938 Caii
1982 1887 2114 1937 Titii.
2133 1885 2244 1955 Ego
2264 1896 2438 1938 tamen
2452 1886 2632 1938 malim
2646 1886 2863 1942 credere

1840 1965 2060 2017 omnino
2085 1962 2308 2016 delenda
2331 1965 2441 2017 haec
2458 1984 2569 2019 esse
2586 1984 2710 2019 cum
2723 1969 2862 2021 anti·

1840 2045 1957 2115 quis
1987 2042 2113 2099 edd.
2145 2057 2198 2096 et
2231 2042 2348 2096 cod.
2377 2045 2490 2098 MS.
2526 2045 2855 2117 Copesiano,

1838 2125 1933 2176 ubi
1954 2124 2163 2176 dicerent
2183 2124 2370 2176 ultima
2391 2137 2470 2176 est
2501 2124 2660 2197 hujus
2686 2128 2857 2198 epito-

1840 2222 1949 2256 mes
1975 2223 2095 2257 vox.
2128 2205 2197 2256 Et
2211 2222 2377 2276 quum
2394 2215 2500 2255 tam
2521 2206 2672 2260 multi
2691 2205 2855 2259 tradi·

1838 2281 2015 2336 derint
2043 2285 2156 2337 haec
2193 2281 2261 2335 de
2296 2283 2448 2346 Cata,
2486 2304 2645 2337 nemo
2678 2298 2852 2339 tamen

1838 2362 2015 2428 addit,
2037 2362 2214 2417 dicere
2240 2363 2415 2416 solitas
2438 2364 2687 2419 mulieres
2702 2404 2718 2433 ‚
2742 2385 2851 2419 esse

1837 2462 1892 2495 se
1921 2444 2070 2496 Calas
2099 2443 2160 2495 C.
2189 2444 2326 2499 Titii.
