3143 5204
2087 498 2270 519 mm

606 709 786 794 DE
873 706 1817 795 PRAENOMINE.

198 1070 512 1186 VARRO
555 1111 928 1208 simplicia
912 1137 980 1180 in
1016 1110 1204 1180 Italia
1239 1111 1436 1181 fuisse
1478 1104 1745 1181 nomina
1780 1114 1903 1201 ait,
1946 1117 2274 1189 existima-

194 1220 482 1315 tionisque
521 1245 653 1289 suae
688 1232 1152 1314 argumentum
1197 1216 1430 1303 refert,
1462 1218 1642 1313 quod
1672 1218 1995 1290 Romulus
2028 1237 2095 1291 et
2138 1226 2276 1293 Re-

191 1351 313 1395 mus
345 1342 408 1395 et
422 1324 807 1394 Faustulus¹
852 1347 1064 1417 neque
1086 1348 1468 1418 praenomen
1505 1323 1750 1409 ullum,
1793 1349 2007 1445 neque
2038 1353 2276 1424 cogno-

193 1456 321 1501 men
373 1431 761 1502 habuerunt.
822 1431 958 1519 Qui
1009 1429 1093 1498 ab
1137 1454 1218 1499 eo
1271 1430 1702 1518 dissentiunt,
1755 1433 1940 1502 aiunt
1999 1450 2276 1506 matrem

193 1562 390 1606 eorum
426 1540 634 1607 Ream
670 1533 974 1605 Silviam²

1016 1550 1363 1619 vocatam3
1408 1556 1608 1604 avum
1656 1535 1931 1606 Silvium
1973 1542 2279 1611 Numito-

191 1667 339 1731 rem3
368 1642 637 1713 fratrem
691 1643 866 1736 ejus,
908 1639 1221 1710 Amulum
1273 1640 1581 1711 Silvium:
1620 1656 1689 1712 et
1744 1645 2113 1739 superiores
2166 1648 2279 1717 Al-

192 1747 481 1818 banorum
524 1774 745 1844 reges,
805 1750 1133 1841 Capetum
1185 1746 1499 1835 Silvium,
1553 1750 1912 1844 Agrippam
1970 1750 2277 1822 Silvium·
2259 1782 2278 1841 3

192 1856 686 1986 posterioresque
746 1854 946 1922 duces
1014 1853 1286 1921 Metium
1362 1852 1769 1939 suffetium,
1833 1870 1899 1923 et
1963 1859 2282 1929 Tutorem

191 1947 494 2029 Cloelium-’⁹
528 1974 849 2030 vocatos:
896 1983 1020 2028 nec
1056 1959 1349 2027 contenti
1379 1958 1481 2028 his
1511 1954 1596 2027 ad
1635 1959 1911 2030 Sabinos
1948 1975 2279 2070 transgre-

189 2064 466 2154 diuntur,
514 2081 585 2136 et
621 2067 840 2135 Titum
884 2064 1145 2133 Tatium
1163 2118 1184 2152 ,
1230 2066 1520 2134 Numam
1564 2065 2003 2159 Pompilium,
2055 2085 2121 2139 et
2157 2096 2281 2166 pa-

191 2184 330 2241 trem
380 2173 517 2266 ejus
574 2175 904 2265 Pompum
948 2157 1419 2265 Pompilium⁴3

260 2360 302 2395 ι.
326 2343 468 2413 Quod
480 2342 736 2405 Romulus,
758 2353 808 2393 et
821 2341 1017 2407 Remus,
1039 2341 1174 2393 Fau-

191 2421 332 2474 stulus.
359 2424 512 2477 Deest
541 2422 705 2475 altera
725 2422 930 2492 copula.
959 2421 1091 2473 Nam
1118 2420 1175 2472 in

191 2500 463 2572 Campensi,
491 2514 547 2555 et
572 2502 688 2555 aliis
704 2500 1074 2571 manuscriptis
1101 2499 1176 2552 sic

189 2577 367 2650 legitur,
394 2594 443 2634 et
463 2583 662 2644 Remus,
690 2593 738 2633 et
761 2580 1040 2634 Faustulus.
1061 2579 1175 2633 Cae·

191 2670 337 2712 terum
370 2662 629 2715 Varronis
675 2661 980 2732 opinionem
1024 2660 1174 2713 istam

190 2740 397 2809 sequitur
418 2742 548 2794 item
570 2742 843 2814 Appianas
868 2737 1177 2792 Alexandri·

191 2834 299 2885 nus,
337 2821 567 2874 scribens
609 2821 873 2873 Romanos
916 2820 981 2882 ab
1024 2818 1177 2870 initio

191 2913 291 2949 usos
325 2916 428 2952 uno
462 2900 686 2954 nomine
705 2938 722 2966 ‚
770 2898 897 2952 dein
938 2896 1181 2966 duobus,

190 2989 344 3043 postea
378 2980 568 3033 tribus.
607 2979 768 3032 Plau.
804 2980 877 3032 Et
904 2979 1102 3040 Remus,
1130 2989 1181 3028 ee

193 3053 425 3110 Faustulus
444 3060 605 3112 etiam
624 3058 775 3124 MSS.
800 3058 985 3111 nostri.

259 3154 304 3187 2.
323 3138 496 3190 Rbeam
511 3138 742 3212 Sylvium.
758 3138 860 3190 Alii
876 3175 891 3196 ,
912 3138 1057 3189 Reum
1076 3135 1177 3189 Sil-

193 3217 308 3266 vium.
327 3218 455 3283 Quae
471 3217 851 3290 orthographia
867 3218 1081 3288 antiqua
1101 3227 1180 3268 est

191 3310 378 3349 romana
430 3316 542 3351 non
584 3298 885 3368 graeciscans
908 3315 925 3362 ς
979 3296 1180 3367 quippe

190 3372 286 3426 sine
306 3377 621 3448 aspiratione
634 3415 650 3442 ,
677 3389 731 3429 et
751 3394 847 3448 per
868 3380 885 3426 ἱ
909 3375 965 3428 in
988 3375 1179 3428 Silvio-

191 3469 292 3506 mm
319 3457 551 3510 nomine.
589 3456 717 3508 Mox
757 3467 900 3520 erat,
933 3455 1181 3508 Amulium

190 3529 380 3589 Silvium.
395 3535 682 3599 Dedimus,
714 3535 941 3589 Amulum
964 3533 1178 3587 Silvium.

190 3609 379 3666 Etenim
420 3617 590 3686 prisca
633 3615 745 3667 haec
792 3614 940 3667 fuere
976 3631 1182 3683 praeno-

191 3689 316 3744 mina
341 3694 480 3766 apud
508 3695 766 3760 Albanos,
792 3692 1045 3757 Amulus‚
1077 3693 1184 3745 Ro-

191 3771 369 3834 mulus,
412 3773 692 3839 Numitor,
715 3773 887 3826 Tutor
906 3811 921 3836 ,
951 3789 1048 3823 nec
1074 3789 1184 3823 non

192 3847 395 3919 Romus,
427 3854 654 3917 Remus,
685 3865 739 3905 et
768 3852 867 3905 alia
894 3870 1011 3922 qum
1039 3862 1186 3922 post-

191 3927 394 3984 modum
413 3943 666 4002 usurpata
678 3933 1065 3985 obsoleverunt.
1080 3931 1186 3982 De-

192 4005 300 4061 inde
317 4010 544 4065 habetur
556 4050 573 4079 ,
591 4012 864 4083 Agrippan
877 4010 1091 4064 Silvium.
1120 4010 1186 4061 In

190 4099 279 4140 vet.
298 4108 342 4142 c.
362 4091 605 4162 Agr-lpum
624 4089 836 4144 Silvium.
863 4091 998 4143 Item
1021 4088 1185 4160 antiq.

192 4164 397 4239 simplici
412 4190 467 4240 p.
491 4171 629 4223 Nam
647 4170 711 4222 ab
730 4189 866 4242 εει-ο
883 4181 1039 4241 partu
1057 4185 1189 4241 prn-

193 4262 371 4301 nomen
412 4249 690 4304 inventum
723 4263 818 4304 est.
847 4249 912 4300 In
943 4246 1192 4304 Sambuci

291 4345 385 4413 ΙΙ.

1476 2170 1616 2264 ejus
1668 2170 1953 2266 denique
1997 2199 2031 2241 1
2032 2177 2285 2270 egionis

1262 2338 1445 2393 codice
1458 2339 1547 2394 hic
1567 2342 1854 2394 omittitur.
1880 2343 1960 2395 De
1978 2344 2113 2396 Rhea
2125 2344 2248 2398 Silo·
2205 2369 2280 2399 oea

1260 2418 1505 2472 videndun
1536 2422 1758 2473 omnino
1788 2421 2039 2491 Epistola
2067 2424 2277 2481 Theod.

1262 2498 1424 2568 Rykii
1458 2512 1511 2552 et
1551 2501 1662 2553 Jac.
1697 2500 1988 2566 Perimnii,
2019 2521 2146 2574 quas
2187 2506 2278 2560 hic

1261 2579 1456 2632 AEliani
1474 2579 1567 2633 lib.
1589 2579 1714 2633 VH.
1730 2580 1858 2633 Var.
1879 2581 2015 2635 Hist.
2035 2584 2275 2655 subjecit.

1261 2658 1367 2712 Pro
1394 2661 1626 2712 Amulum
1653 2672 1827 2712 tamen
1853 2660 2093 2733 plerique
2120 2664 2276 2720 MSS.

1262 2738 1511 2791 exhibent
1534 2740 1799 2792 Amulium.

1346 2819 1401 2872 3.
1427 2819 1651 2870 Tutorem
1679 2817 1914 2871 Claeliam.
1941 2818 2028 2873 Sic
2058 2841 2121 2874 ex
2155 2823 2275 2877 cod.

1262 2908 1414 2976 antea
1442 2911 1554 2951 erat
1588 2899 1649 2951 T.
1664 2896 1902 2951 Clodium.
1941 2898 2085 2952 Cloeli
2084 2921 2116 2951 a
2150 2921 2277 2973 gens

1262 2994 1291 3027 a
1308 2974 1478 3028 Ctoeeio
1494 2980 1675 3029 AEneae
1690 2979 1885 3031 comite
1899 2980 2156 3051 appellata
2175 2996 2278 3048 est,

1264 3054 1523 3128 Dionysio
1568 3067 1623 3110 et
1661 3057 1817 3110 Festo
1853 3058 2089 3112 testibus.
2145 3062 2280 3127 Quae

1263 3132 1404 3205 apud
1434 3136 1665 3189 Albanos
1703 3137 1760 3189 in
1790 3137 1943 3189 Latio
1972 3139 2111 3191 inter
2142 3143 2280 3194 anti-

1263 3214 1537 3285 quissimas
1562 3228 1617 3267 et
1640 3215 1990 3269 nobilissimas
2016 3218 2132 3272 fuit.
2154 3221 2281 3274 Post

1263 3292 1496 3364 Sylviam
1524 3295 1722 3346 etenim
1751 3295 1809 3348 in
1839 3295 2117 3350 Numitore
2146 3297 2279 3352 defl-

1264 3371 1490 3426 cientem
1519 3375 1632 3442 ejus
1660 3374 1810 3444 regni
1838 3375 2196 3447 principatum
2227 3392 2281 3432 et

1265 3452 1619 3523 gubernacula
1653 3452 1826 3505 tenuit
1868 3454 1967 3506 sub
2008 3454 2181 3509 Numa
2228 3472 2281 3510 et

1265 3531 1426 3583 Tullo
1455 3529 1685 3583 Hostilio
1709 3532 1949 3602 regibus3
1981 3546 2032 3586 et
2062 3533 2279 3589 demum

1267 3610 1399 3663 Alba
1420 3613 1519 3663 sub
1538 3610 1764 3663 Suffetio
1786 3610 2048 3665 dictatore
2072 3613 2248 3668 diruta
2262 3653 2278 3680 ,

1269 3690 1444 3743 Cloelii
1481 3691 1702 3743 Romam
1742 3709 1772 3743 a
1805 3690 1965 3744 Tullo
2000 3711 2122 3763 rege
2158 3712 2282 3746 cum

1268 3769 1415 3821 omni
1443 3769 1545 3822 alia
1573 3769 1849 3823 nobilitate
1876 3769 2103 3823 traducti
2127 3785 2249 3827 sunt
2265 3813 2282 3839 ,

1268 3860 1426 3919 atque
1462 3850 1601 3901 inter
1630 3849 1809 3902 Patres
1840 3849 1992 3912 lecti,
2022 3851 2158 3904 sicut
2191 3853 2283 3905 Li-

1269 3928 1386 3980 vius
1403 3966 1419 3993 ,
1464 3928 1746 3998 Dionysius
1794 3941 1848 3981 et
1882 3929 1971 3981 alii
2012 3931 2284 4003 scripsere.

1270 4005 1515 4061 Leidens.
1544 4019 1667 4060 tert.
1688 4006 1937 4060 Cholium.
1962 4007 2107 4062 Harl.
2143 4008 2285 4063 Cleo·

1272 4089 1410 4139 sium.
1451 4087 1641 4157 Ultraj.
1669 4087 1826 4159 prim.
1851 4099 1903 4139 et
1929 4086 2092 4142 Paris.
2129 4090 2289 4160 prim.

1278 4165 1477 4219 Clelium
1488 4186 1509 4229 ,·
1526 4166 1699 4219 caeteri
1722 4165 1963 4219 Clodium.

1359 4252 1413 4310 4.
1440 4247 1670 4317 Pompam
1686 4246 1989 4316 Pompilium.
2006 4246 2150 4301 Olim
2165 4248 2289 4306 edd.

1901 4346 1987 4426 ¹4
