3143 5204
1149 491 1602 558 VALERII
1659 489 2075 556 ΜΑΧΙΜΙ
2131 490 2314 556 LIB.
2373 491 2501 558 IX.

778 626 982 698 dabo.
1024 627 1088 693 O
1134 623 1250 691 fati
1298 623 1786 692 cunctationem
1824 618 2292 690 aerumnosam!
2335 648 2376 689 o
2406 620 2670 714 jurandi
2707 621 2904 691 stoli-

780 735 931 803 dam
961 726 1185 799 fidem!
1217 729 1345 798 Sed
1377 730 1500 798 hos
1523 743 1598 798 tu
1624 728 1916 815 furoreS,
1951 727 2384 796 immoderata
2419 728 2740 797 retinendi
2768 731 2901 824 spi-

779 842 943 909 ritus
970 836 1280 922 dulcedo,
1307 835 1602 930 subjiciS,
1631 860 1803 904 sanae
1838 835 2105 903 rationis
2134 834 2405 903 modum
2437 837 2904 930 expugnando,

778 972 926 1042 quae
959 946 1162 1012 vitam
1206 941 1474 1038 diligere
1500 996 1519 1029 ,
1556 957 1840 1010 mortem
1878 967 2013 1010 non
2052 942 2284 1010 timere
2320 944 2637 1036 praecipit.

794 492 934 588 196

1070 1144 1175 1196 DE
1216 1141 1710 1194 CUPIDITATE
1750 1140 1963 1192 VITA-3
2001 1140 2602 1194 EXTERNORUM.

894 1323 951 1366 1.
992 1294 1241 1365 Eadem
1270 1297 1563 1361 Xerxem
1584 1290 1601 1315 ¹
1645 1317 1866 1388 regem
1909 1316 2033 1386 pro
2068 1295 2269 1362 totius
2305 1296 2473 1363 Asiae
2510 1310 2762 1366 armata
2789 1297 2898 1391 ju·

773 1417 1079 1487 ventum,
1122 1399 1303 1495 quod
1329 1401 1505 1467 intra
1535 1413 1802 1468 centum
1833 1423 2039 1467 annos
2077 1413 2249 1468 esset
2288 1400 2547 1469 obitura
2568 1456 2587 1490 ,
2621 1403 2899 1498 profun-

772 1512 929 1579 dere
972 1508 1294 1602 lacrymas
1332 1507 1644 1599 coegisti3
1688 1506 1801 1600 qui
1841 1505 2006 1573 mihi
2050 1508 2264 1601 specie
2301 1506 2622 1594 alienam,-
2670 1535 2902 1579 revera

772 1642 960 1686 suam
993 1615 1437 1685 conditionem
1465 1611 1839 1706 deplorasse
1863 1612 2146 1699 videtur,
2182 1639 2384 1707 opum
2416 1616 2900 1709 magnitudine,

772 1740 971 1819 quam
1005 1722 1236 1791 altiore
1267 1720 1467 1788 animi
1510 1741 1704 1787 sensu
1738 1717 2031 1804 felicior;
2069 1720 2216 1813 quis
2256 1723 2432 1788 enim
2477 1721 2902 1793 mediocriter

773 1829 1065 1925 prudens
1103 1823 1451 1895 mortalem
1489 1850 1557 1893 se
1592 1839 1820 1894 natum
1858 1825 2162 1893 fleverit?

884 1963 948 2005 2.
978 1933 1289 2003 Referam
1320 1957 1499 2000 nunc
1531 1956 1643 2000 eos
1664 1929 1710 2019 ²,
1739 1932 1978 2026 quibus
2001 1929 2254 2025 aliquos
2285 1949 2622 2054 suspectos
2650 1935 2900 2006 hahen-

770 2042 947 2112 tibus
977 2041 1357 2135 exquisitior
1387 2040 1485 2107 sui
1513 2038 1811 2108 custodia
1832 2039 2101 2132 quaesita
2129 2053 2262 2123 est;
2296 2064 2419 2108 nec
2447 2065 2488 2108 a
2510 2043 2902 2130 miserrimo,

772 2149 885 2219 sed
936 2149 1020 2217 ab
1069 2172 1184 2233 eo,
1229 2147 1341 2239 qui
1386 2147 1557 2213 inter
1601 2170 1848 2276 paucos
1892 2143 2300 2215 felicissimus
2343 2146 2541 2216 fuisse
2577 2149 2901 2236 creditur,

774 2257 1124 2351 incipiam:
1156 2253 1505 2321 Masinissa
1527 2236 1680 2321 rex³
1686 2306 1705 2340 ,
1739 2276 1974 2347 parum
1999 2251 2193 2320 fidei
2176 2276 2243 2320 m
2272 2254 2654 2391 pectoribus
2688 2255 2902 2325 homi-

774 2388 936 2432 num
976 2384 1344 2456 reponens,
1393 2357 1671 2427 salutem
1717 2383 1901 2427 suam
1945 2358 2242 2427 custodia
2283 2347 2565 2429 canum⁴
2607 2360 2899 2433 vallavit.

775 2576 930 2630 bebo.
966 2573 1082 2625 Hoc
1107 2569 1438 2624 confirmavit
1469 2569 1578 2622 fere
1605 2568 1797 2621 mentis

777 2659 948 2726 impos
962 2691 978 2717 ,
993 2655 1310 2723 juramento.
1330 2650 1511 2713 Quum
1526 2649 1669 2701 enim
1688 2652 1793 2717 jam

777 2735 916 2787 mori
944 2731 1162 2784 deberet
1176 2769 1191 2793 ,
1219 2730 1439 2782 stultum
1460 2741 1573 2780 erat
1596 2747 1693 2799 per
1714 2728 1794 2780 vi·

775 2829 882 2868 tam
923 2814 1115 2884 jurare.
1154 2809 1403 2861 Formula
1437 2820 1610 2860 autem
1645 2819 1795 2860 vetus

779 2907 890 2948 est:
924 2894 1004 2945 Ita
1024 2894 1214 2951 vivam,
1252 2887 1402 2947 dabo,
1435 2907 1528 2940 seu
1559 2900 1615 2938 ut
1649 2887 1791 2940 dabo.

780 2972 921 3027 vide
934 2971 1219 3035 Senecam,
1244 2988 1328 3039 ep.
1350 2968 1454 3032 833
1481 2967 1793 3020 Ciceronem

777 3054 843 3107 ad
868 3051 1127 3111 Atticum,
1149 3050 1221 3113 V,
1247 3047 1335 3100 15.

841 3152 890 3186 1.
903 3134 1125 3184 Xerxem.
1131 3126 1257 3180 Vid.
1279 3125 1534 3179 Herodot.
1554 3146 1606 3198 7.
1612 3127 1793 3191 Quum

777 3216 976 3265 Xerxes
1016 3211 1282 3280 ingentem
1313 3226 1466 3260 suum
1506 3207 1792 3260 exercitum

777 3295 833 3345 in
863 3303 1074 3364 patente
1089 3307 1275 3359 campo
1296 3286 1364 3340 de
1383 3287 1653 3359 superiore
1674 3287 1793 3340 loco

672 3437 675 3442 .
773 3372 1127 3443 conspiceret,
1170 3369 1226 3420 in
1270 3386 1386 3420 eam
1426 3367 1793 3438 cogitationem

775 3452 947 3515 venit,
972 3463 1030 3503 ut
1049 3448 1277 3508 diceret,
1297 3448 1437 3500 intra
1454 3447 1498 3501 C
1517 3466 1681 3499 annos
1702 3465 1790 3499 eo-

773 3553 893 3586 rum
907 3530 1172 3583 neminem
1183 3529 1295 3580 fore
1308 3528 1637 3597 superstitem
1653 3549 1666 3590 3
1681 3528 1795 3597 qui·

771 3615 871 3666 bns
901 3610 1075 3665 verbis
1110 3622 1162 3661 et
1192 3626 1298 3660 suae
1328 3607 1448 3659 vitae
1479 3607 1789 3659 brevitatem

768 3690 1082 3765 deploravit.

851 3792 900 3825 α.
917 3772 1137 3837 Referam
1160 3786 1395 3819 nunceos.
1414 3764 1513 3818 Ed.
1533 3777 1636 3818 vet.
1657 3767 1790 3818 aliae-

762 3872 866 3924 qne
883 3871 1004 3904 cum
1023 3847 1180 3901 MSS.
1200 3848 1303 3900 hoc
1333 3847 1452 3899 loco
1481 3863 1681 3897 novum
1702 3863 1787 3897 ca-

758 3945 859 4005 put
888 3929 1153 4003 incipiunt
1172 3928 1276 3980 hoc
1297 3926 1494 3979 titulo:
1525 3925 1685 3992 Quam
1708 3946 1788 3976 es:-

757 4015 931 4080 quisita
968 4009 1184 4062 custodia
1222 4008 1296 4059 usi
1333 4010 1457 4064 sint,
1499 4005 1667 4075 quibus
1697 4025 1779 4057 su-

751 4095 895 4162 specu‘
919 4091 1162 4142 domestici
1174 4088 1331 4154 suere.

826 4172 877 4223 3.
897 4170 1156 4222 Masinissa
1183 4188 1280 4218 res.
1309 4163 1529 4217 Addunt
1554 4163 1773 4235 quidam

1879 2568 2195 2623 Numidarum
2209 2611 2225 2633 ,
2258 2582 2309 2624 et
2324 2572 2496 2643 populi
2514 2578 2700 2627 mmam’
2709 2579 2901 2627 anu'cis·

1878 2652 2051 2708 simus,
2090 2649 2236 2722 quod
2264 2653 2478 2722 Pighius
2504 2654 2680 2725 ejecit,
2714 2668 2902 2728 utpote

1878 2741 2063 2782 natum
2085 2749 2150 2784 ex
2172 2731 2346 2802 aliquo
2374 2734 2682 2803 glossemate
2709 2736 2899 2789 otioso.

1961 2816 2014 2873 4.
2049 2810 2250 2863 Canum.
2282 2811 2410 2866 Vid.
2441 2813 2575 2866 Plin.
2605 2815 2769 2880 VIII,
2805 2822 2899 2879 4⁰·

1880 2889 1959 2940 De
1995 2889 2190 2942 canibus
2231 2892 2366 2944 mira
2403 2906 2684 2946 narrantur
2715 2913 2730 2947 :
2769 2914 2820 2948 V.
2850 2914 2900 2950 c.

1879 2968 2257 3023 Garamantum
2294 2990 2470 3043 regem
2500 2972 2715 3027 ducenti
2746 2992 2902 3028 canes

1878 3048 1945 3100 ab
1958 3049 2141 3102 exsilio
2153 3049 2495 3118 reduxerunt,
2503 3054 2799 3125 praeliantes
2813 3053 2902 3107 ad-

1877 3145 2058 3182 versus
2072 3130 2386 3185 resistentes.
2401 3133 2722 3204 Colophonii
2738 3145 2789 3187 et
2804 3136 2902 3188 Ca-

1877 3208 2190 3263 stabalenses
2214 3212 2433 3265 canibus
2458 3213 2514 3264 in
2539 3214 2678 3266 bella
2697 3211 2899 3279 ductis,

1877 3288 2076 3357 primas
2120 3290 2255 3344 acies
2297 3291 2675 3347 instruxerunt.
2718 3295 2899 3366 Appio

1875 3367 2040 3421 Junio
2083 3382 2138 3422 et
2176 3373 2277 3443 Ap.
2323 3371 2458 3425 Sisio
2497 3391 2628 3426 coss.
2678 3371 2896 3426 damna-

1875 3460 1991 3500 tum
2036 3447 2315 3503 dominum
2345 3452 2519 3521 canis,
2552 3472 2717 3525 quum
2758 3455 2900 3525 abigi

1875 3546 1983 3580 non
2014 3542 2218 3600 posset,
2239 3532 2518 3586 comitatus
2537 3533 2594 3586 in
2614 3552 2897 3599 carcerem,

1874 3626 1997 3659 mox
2008 3628 2328 3680 percussum,
2337 3612 2898 3685 ululatuproseqnntus

1874 3701 1984 3753 est;
2015 3707 2286 3762 quumque
2308 3711 2371 3744 ex
2403 3692 2740 3746 miseratione
2763 3713 2897 3765 quo-

1873 3766 2121 3822 rumdam
2163 3784 2394 3842 potestas
2441 3773 2491 3824 ei
2545 3773 2651 3825 cibi
2711 3773 2896 3840 fleret,

1874 3846 1941 3898 ad
1969 3867 2028 3900 os
2055 3848 2294 3903 defuncti
2318 3871 2486 3905 escam
2513 3854 2672 3906 tulit:
2702 3854 2895 3906 ultimo

1873 3926 1997 3980 inde
2021 3927 2281 3999 dejectum
2314 3930 2367 3982 in
2401 3933 2639 3985 Tiberim
2670 3931 2896 3987 cadaver

1872 4006 2113 4062 innatans
2169 4021 2460 4064 sustentare
2516 4025 2734 4065 conatus
2796 4026 2892 4066 est.

1865 4087 2164 4156 Lysimachi
2186 4090 2322 4160 regis
2347 4092 2492 4143 canis
2518 4111 2733 4145 accenso
2760 4112 2891 4163 rogo

1864 4165 2068 4219 domini
2090 4167 2311 4223 flammae
2326 4189 2380 4223 se
2393 4171 2572 4243 injecit
2587 4210 2603 4237 ,
2620 4185 2674 4225 et
2689 4172 2890 4244 pariter
