3143 5204
810 483 950 564 144
1164 478 1602 549 VALERII
1672 479 2083 548 MAXIMI
2156 482 2344 549 LIB.
2413 483 2547 550 lx.

795 610 1054 704 quidem
1093 611 1291 680 frenis
1326 611 1522 680 fuerit
1551 610 1904 681 revocata?
1948 611 2029 680 ad
2070 636 2432 701 summam,
2474 639 2677 708 quum
2720 640 2921 708 penes

794 715 967 786 illam
1009 718 1091 786 sit
1127 720 1380 803 timeri,
1415 742 1617 812 penes
1646 743 1769 788 nos
1803 720 1886 788 sit
1916 719 2151 789 odisse.

911 864 966 908 1.
1026 843 1101 908 L.
1137 839 1356 924 Sulla,
1402 865 1599 934 quem
1643 866 1855 935 neque
1903 839 2204 929 laudare,
2252 868 2464 938 neque
2506 847 2921 938 vituperare,

792 948 1138 1041 quisquam
1170 949 1326 1015 satis
1355 946 1552 1042 digne
1583 947 1861 1042 potest¹,
1896 950 2051 1042 quia
2092 948 2251 1017 dum
2297 952 2529 1043 quaerit
2566 951 2917 1036 victorias,

790 1054 1161 1147 Scipionem
1199 1077 1267 1123 se
1306 1052 1554 1148 populo
1585 1078 1897 1137 romano;
1928 1055 2088 1123 dum
2118 1072 2382 1126 exercet
2396 1055 2442 1142 ²,
2477 1057 2917 1128 Hannibalem

792 1161 1321 1254 repraesentavit:
1355 1163 1618 1255 egregie
1647 1185 1931 1256 namque
1969 1163 2360 1231 auctoritate
2394 1151 2787 1233 nobilitatis³
2816 1165 2921 1233 de·

792 1264 1006 1350 sensa,
1053 1264 1406 1336 crudeliter
1438 1282 1645 1336 totam
1677 1268 1911 1360 urbem
1946 1282 2144 1361 atque
2177 1294 2406 1339 omnes
2446 1268 2649 1338 ltaliae
2695 1286 2919 1363 partes

792 1371 998 1441 civilis
1044 1375 1381 1468 sanguinis
1430 1374 1811 1444 fluminibus
1863 1375 2226 1443 inundavit.
2274 1377 2582 1464 Quatuor
2628 1373 2921 1470 legiones

792 1481 1136 1549 contrariae
1183 1467 1450 1574 partis⁴‚
1494 1480 1690 1550 fidem
1740 1506 1927 1550 suam
1971 1496 2313 1575 sequutas‚
2355 1483 2421 1550 in
2461 1480 2724 1577 publica
2764 1482 2921 1552 villa

791 1575 972 1678 [quae
999 1587 1065 1653 in
1096 1587 1341 1655 Martio
1369 1610 1607 1681 campo
1637 1579 1839 1678 erat]‚
1871 1587 2311 1682 nequidquam
2349 1587 2598 1658 fallacis
2630 1588 2919 1661 dexterae

788 1692 1302 1762 misericordiam
1364 1692 1790 1788 implorantes
1815 1749 1832 1782 ,
1888 1694 2272 1764 obtruncari
2328 1695 2540 1788 jussit.
2609 1695 2917 1783 Quarum

787 1796 1234 1868 lamentabiles
1259 1801 1605 1893 quiritatus
1629 1801 1899 1896 trepidae
1927 1803 2211 1870 civitatis
2234 1826 2425 1870 aures
2451 1789 2915 1896 receperunt⁵:

786 1903 1067 1974 lacerata
1092 1905 1269 1974 ferro
1288 1930 1570 2001 corpora
1589 1907 1845 1977 Tiberis
1868 1909 2216 2002 impatiens
2244 1909 2409 1976 tanti
2437 1910 2658 1977 oneris
2688 1933 2920 1977 cruen-

788 2013 936 2080 tatis
980 2036 1015 2079 a
1068 2014 1165 2081 uis
1205 2013 1446 2082 vehere
1497 2028 1766 2083 coactus
1803 2029 1921 2083 est.
1964 2015 2276 2108 Quinque
2316 2012 2517 2083 millia
2564 2018 2920 2084 Praenesti-

784 2142 1020 2187 norum
1110 2144 1226 2212 spe
1269 2118 1493 2188 salutis
1534 2146 1655 2215 per
1692 2123 1764 2189 P.
1804 2121 2176 2215 Cethegum
2216 2120 2403 2206 data,
2450 2135 2633 2189 extra
2672 2126 2921 2191 moenia

785 2227 1124 2320 municipii
1183 2242 1501 2313 evocata,
1553 2252 1759 2321 quum
1814 2227 2086 2322 abjectis
2139 2229 2337 2295 armis
2395 2226 2582 2296 humi
2632 2253 2919 2323 corpora

785 2334 1325 2424 prostravissent,
1350 2333 1800 2403 interficienda
1816 2389 1835 2422 ,
1856 2337 2291 2428 protinusque
2314 2358 2434 2427 per
2450 2358 2645 2427 agros
2668 2334 2923 2430 disper-

870 2571 918 2605 1.
947 2553 1130 2605 Potest.
1157 2552 1281 2605 Haec
1306 2553 1417 2605 fere
1439 2552 1599 2605 verba
1624 2552 1802 2622 legun-

781 2645 869 2686 tur
885 2633 1040 2685 etiam
1057 2631 1197 2703 apud
1212 2632 1545 2684 Paterculum
1561 2633 1633 2684 11.
1657 2633 1801 2685 Sicut

781 2712 838 2764 iu
868 2711 1138 2764 Alcibiade
1176 2731 1392 2765 summm
1422 2711 1645 2764 virtutes
1676 2730 1801 2764 cum

781 2792 1000 2845 summis
1050 2792 1192 2843 vitiis
1238 2793 1532 2862 conjunctae
1554 2829 1571 2856 ‚
1623 2793 1696 2844 sic
1742 2792 1799 2844 in

776 2871 948 2935 Sulla3
976 2870 1067 2924 sed
1092 2871 1250 2941 hujus
1267 2872 1424 2940 longe
1444 2872 1674 2923 atrocior
1698 2872 1801 2924 fuit

781 2950 1091 3016 crudelitas,
1109 2969 1272 3021 quum
1292 2950 1387 3003 iste
1407 2963 1611 3003 tantum
1628 2950 1804 3003 libidi-

778 3051 921 3085 nosae
963 3031 1364 3103 magnificentiae
1412 3043 1463 3082 et
1505 3028 1803 3084 dominatui

780 3111 994 3183 quidem
1014 3153 1028 3177 ,
1065 3109 1155 3164 sed
1191 3130 1298 3162 non
1341 3111 1416 3163 sic
1444 3109 1710 3177 studeret,
1744 3125 1804 3164 ut

781 3192 839 3244 in
868 3193 1008 3244 cives
1033 3193 1254 3244 saeviret.
1288 3191 1476 3243 Patriae
1506 3191 1685 3262 potius
1714 3211 1798 3244 ca-

778 3272 908 3325 ritas
931 3290 1137 3344 semper
1159 3273 1272 3342 ejus
1295 3271 1583 3324 inhoerebat
1606 3272 1798 3324 animo.

865 3373 916 3405 2.
952 3354 1084 3404 Dum
1115 3364 1314 3405 exercet.
1352 3351 1590 3417 Scilicet,
1638 3353 1802 3405 victo·

781 3432 932 3486 riam.
962 3431 1208 3503 Pighius,
1229 3433 1341 3484 dum
1361 3435 1592 3483 soeviee‘am
1612 3451 1765 3484 exerc.
1781 3469 1798 3494 ‚

781 3512 927 3583 quod
952 3525 1029 3582 est
1051 3512 1106 3564 in
1133 3532 1325 3565 novem
1349 3512 1506 3565 MSS.
1529 3524 1583 3564 et
1601 3511 1803 3582 aliquot

779 3591 903 3645 edd.
937 3590 1041 3646 Sed
1061 3611 1119 3644 ex
1152 3593 1338 3662 glossa.
1358 3624 1438 3632 —
1456 3590 1798 3642 Hannibalem.

778 3673 961 3725 Tacite
993 3672 1198 3742 sugillat
1232 3671 1581 3723 Hannibalem
1599 3711 1614 3735 ,
1651 3670 1798 3741 quod

779 3754 1000 3805 victoria
1036 3753 1113 3805 uti
1152 3751 1411 3804 nescierit.
1446 3752 1590 3803 Sulla
1625 3765 1800 3802 autem

779 3833 1025 3885 victorias
1058 3850 1175 3885 suas
1214 3832 1446 3885 exercuit
1482 3829 1799 3896 crudeliter,

779 3913 1061 3982 imperium
1103 3912 1378 3982 occupavit
1399 3949 1415 3976 ‚
1455 3923 1507 3962 et
1551 3909 1799 3975 caedibus,

777 3992 1258 4063 proscriptionibus
1288 4005 1339 4044 et
1364 3990 1562 4063 rapinis
1587 4010 1797 4042 omnem

777 4071 1003 4142 reipubl.
1036 4073 1218 4125 faciem
1252 4071 1547 4123 immutavit
1580 4071 1797 4123 soevissi·

779 4169 911 4204 inus.
940 4152 1106 4204 Tacit.
1135 4155 1271 4205 Ann.
1297 4151 1475 4204 XVII.

1975 2555 2025 2609 3.
2078 2553 2377 2606 Nobilitaeis.
2421 2553 2616 2607 Contra
2660 2554 2920 2617 Marium,

1889 2633 2057 2703 plebis
2081 2634 2359 2686 fautorem.
2378 2666 2459 2676 —
2482 2635 2757 2687 [mundavit.
2780 2635 2843 2687 E.
2864 2654 2917 2705 g.

1889 2711 2029 2783 apud
2076 2712 2436 2784 Sacriportum
2458 2752 2475 2780 ‚
2518 2713 2662 2785 apud
2705 2727 2917 2785 portam

1890 2793 2150 2845 Collinam
2170 2829 2187 2856 ‚
2229 2794 2379 2845 Lxx
2411 2806 2464 2845 et
2495 2795 2721 2866 amplius
2752 2794 2918 2846 millia

1890 2872 2035 2944 Sylla
2058 2872 2292 2925 concidit
2309 2911 2324 2935 ,
2347 2885 2408 2925 ut
2431 2885 2649 2926 testatur
2676 2874 2885 2926 Florus.

1975 2959 2029 3014 ά.
2058 2953 2241 3004 Partis.
2280 2955 2419 3005 Anu.
2451 2953 2587 3005 Urb.
2623 2957 2756 3023 671.
2798 2954 2917 3006 Liv.

1891 3033 2922 3104 Lxxxvm;P1ut.;App.civ.1;var-

1893 3131 1953 3163 ro
1973 3110 2040 3164 de
2060 3114 2121 3163 R.
2143 3114 2206 3164 R.
2225 3112 2325 3166 111.
2341 3146 2420 3154 —
2436 3111 2582 3165 Erat.
2604 3113 2729 3166 Haec
2758 3115 2916 3166 verba

1891 3193 2144 3261 glossema
2170 3190 2436 3245 videntur.
2464 3193 2636 3257 Quem
2662 3194 2807 3246 enim
2834 3195 2918 3246 fu-

1889 3273 2046 3341 gerit,
2078 3271 2277 3324 Valerii
2303 3291 2415 3325 oevo
2431 3311 2445 3338 ,
2472 3273 2563 3324 ubi
2585 3273 2915 3345 villapublica

1889 3351 2063 3404 esset?
2110 3352 2174 3403 In
2230 3371 2453 3406 numero
2513 3353 2915 3407 interfectorum

1888 3431 2089 3484 civium
2115 3432 2396 3503 scriptores
2418 3430 2753 3486 dissentiunt.

1975 3514 2024 3565 5.
2042 3512 2349 3582 Receperunt.
2369 3512 2677 3566 Perizonius
2701 3513 2916 3584 conjicit

1890 3595 2116 3661 recipere,
2147 3605 2206 3644 ut
2237 3591 2544 3646 ostendatur
2577 3593 2774 3646 invitos
2812 3593 2912 3644 hoc

1890 3670 2091 3725 audiise
2124 3672 2407 3725 Romanos.
2445 3671 2547 3724 Sed
2584 3692 2692 3725 non
2736 3674 2911 3725 favent

1888 3751 2040 3805 MSS.
2084 3764 2136 3805 et
2179 3752 2371 3804 invitos
2410 3750 2611 3804 audiise
2648 3754 2912 3805 Romanos

1889 3833 2011 3884 satis
2054 3832 2221 3902 liquet
2260 3851 2323 3883 ex
2366 3851 2430 3884 eo
2481 3830 2627 3903 quod
2667 3831 2910 3895 additur,

1890 3912 2088 3980 trepidae
2114 3914 2321 3962 civitatis
2340 3932 2494 3964 aures.

1971 3996 2025 4045 6.
2051 3992 2469 4059 Praenestinorum.
2494 3992 2633 4058 Quia
2645 3992 2910 4045 minorem

1889 4072 2117 4124 Marium
2138 4085 2471 4141 receperant,
2490 4090 2653 4142 quum
2674 4091 2704 4123 a
2726 4072 2913 4124 Cethe·

1885 4170 1952 4221 go
1981 4151 2140 4203 Suuae
2165 4151 2413 4222 praefecto
2443 4150 2832 4206 obsiderentur.
