3143 5204
777 478 866 548 32
1132 475 1582 544 VALERII
1640 475 2056 541 ΜΑΧΙΜΙ
2112 476 2303 542 LlB.
2363 477 2534 543 VII.

770 619 1153 681 invasurum
1183 609 1616 677 Fidenatium
1646 623 1860 702 terga.
1892 607 2047 695 Quo
2083 608 2516 701 imperator-ize
2544 608 2700 677 artis
2728 634 2893 678 con-

771 717 912 787 silio
950 731 1196 785 metum
1237 714 1475 783 fiducia
1513 716 1835 797 mutavit3
1863 738 2117 809 proque
2153 714 2620 810 trepidatione,
2656 714 2895 784 alacri-

769 840 903 894 tate
947 848 1217 892 suorum
1260 836 1529 916 pectora
1571 819 1870 915 replevit.

880 975 943 1017 2.
982 951 1071 1015 At
1102 971 1184 1014 ne
1212 946 1527 1014 continuo
1559 968 1598 1013 a
1631 946 1868 1013 nostris
1904 944 2167 1038 regibus
2195 944 2495 1013 recedam
2514 1000 2532 1032 ,
2560 948 2704 1014 Sex.
2734 947 2899 1014 Tar-

771 1056 1032 1150 quinius
1049 1105 1067 1137 ,
1091 1054 1427 1147 Tarquinii
1465 1051 1638 1120 filius
1660 1049 1704 1139 ¹,
1732 1051 1994 1145 indigne
2034 1051 2248 1120 ferens
2267 1106 2286 1138 ,
2310 1052 2486 1146 quod
2519 1056 2721 1147 patris
2745 1054 2899 1121 viri-

771 1164 895 1231 bus
931 1161 1295 1255 expugnari
1339 1160 1531 1229 Gabii
1574 1159 1953 1252 nequirent,
1993 1156 2418 1247 valentiorem
2459 1161 2654 1227 armis
2696 1184 2900 1230 exco-

775 1271 1006 1364 gitavit
1037 1269 1355 1335 rationem
1379 1321 1397 1352 ,
1436 1290 1566 1360 qua
1602 1268 2039 1359 interceptum
2072 1264 2228 1333 illud
2267 1265 2581 1360 oppidum
2624 1291 2901 1335 romano

775 1376 1049 1471 imperio
1080 1373 1409 1468 adjiceret.
1442 1372 1674 1441 Subito
1712 1395 1996 1466 namque
2032 1397 2101 1441 se
2136 1371 2219 1440 ad
2256 1372 2550 1441 Gabinos
2587 1372 2902 1460 contulit,

775 1497 1109 1576 tamquam
1138 1481 1427 1575 parentis
1457 1475 1768 1548 saevitiam
1792 1494 1858 1547 et
1879 1481 2152 1547 verbera
2173 1477 2218 1566 ²,
2243 1504 2388 1573 quae
2416 1477 2754 1548 voluntate
2782 1504 2905 1548 sua

775 1613 1123 1684 perpessus
1166 1601 1307 1655 erat
1323 1586 1679 1681 ,fugien33
1706 1612 1782 1655 ac
1824 1585 2136 1681 paulatim
2169 1586 2691 1680 uniuscujusque
2733 1585 2906 1655 fictis

776 1710 841 1764 et
872 1695 1250 1789 compositis
1289 1693 1619 1761 blanditiis
1656 1692 2000 1762 alliciendo
2028 1691 2589 1779 benevolentiam,
2614 1707 2690 1761 ut
2724 1692 2907 1787 apud

776 1827 1003 1871 omnes
1024 1800 1380 1897 plurimum
1406 1813 1662 1895 posset,
1691 1812 2132 1894 consequutus
2149 1854 2167 1885 ,
2196 1786 2582 1868 familiarem
2602 1824 2794 1867 suum
2820 1799 2907 1868 ad

778 1922 1028 2004 patrem
1063 1909 1268 1995 misit,
1302 1906 1771 1991 indicaturum,
1802 1907 2365 2001 quemadmodum
2395 1922 2642 1975 cuncta
2672 1912 2741 1974 in
2773 1930 2908 1975 sua

780 2040 987 2084 manu
1010 2013 1329 2101 haberet,·
1359 2027 1425 2081 et
1450 2014 1877 2107 quaesiturum
1892 2067 1911 2099 ,
1938 2011 2264 2107 quidnam
2267 2016 2448 2109 fieri
2471 2015 2685 2083 vellet.
2715 2014 2752 2081 J
2759 2037 2909 2082 uve-

779 2122 893 2191 nili
924 2121 1262 2191 calliditati
1297 2119 1513 2189 senilis
1544 2122 1782 2188 astutia
1813 2118 2168 2215 respondit.
2204 2120 2535 2214 Siquidem
2569 2146 2640 2188 re
2668 2120 2911 2189 eximia

777 2229 1136 2298 delectatus
1166 2228 1559 2322 Tarquinius
1580 2279 1599 2311 ,
1637 2225 1790 2295 fidei
1830 2242 2048 2295 autem
2084 2228 2294 2295 nuntii
2330 2252 2565 2322 parum
2600 2225 2910 2314 credens,

779 2334 938 2405 nihil
966 2335 1340 2432 respondit,
1362 2334 1476 2403 sed
1504 2319 1812 2403 seducto³
1835 2359 1914 2402 eo
1939 2335 2003 2401 in
2028 2333 2320 2420 hortum,
2339 2335 2620 2401 maxima
2649 2347 2715 2401 et
2739 2332 2912 2402 altis-

778 2447 939 2514 sima
966 2467 1368 2539 papaverum
1395 2441 1615 2535 capita
1632 2440 1868 2509 baculo
1892 2440 2195 2509 decussit.
2219 2442 2504 2534 Cognito
2528 2438 2910 2510 adolescens

779 2550 1034 2621 silentio
1076 2551 1283 2645 patris
1317 2545 1512 2617 simul
1549 2571 1628 2615 ac
1673 2547 1846 2617 facto
1871 2604 1890 2636 ,
1926 2571 2190 2616 causam
2232 2545 2500 2616 alterius
2536 2548 2914 2641 argumenti

781 2657 1065 2754 pervidit
1084 2645 1139 2743 ‘⁶3
1162 2681 1284 2724 nec
1313 2654 1642 2749 ignoravit
1669 2656 1932 2750 praecipi
1963 2654 2082 2723 sibi
2100 2708 2118 2741 ,
2142 2668 2260 2722 «ut
2287 2653 2910 2723 excellentissimum

779 2787 1105 2859 quemque
1152 2762 1565 2832 Gabinorum
1613 2776 1727 2829 aut
1770 2760 1994 2831 exsilio
2040 2761 2500 2846 submoveret,
2536 2776 2652 2830 aut
2695 2776 2913 2830 morte

782 2883 1283 2940 consumeret.»
1318 2871 1498 2963 Ergo
1540 2866 1882 2998 spoliatam
1928 2869 2118 2937 bonis
2162 2868 2766 2963 propugnatoribus
2808 2870 2912 2937 ci-

782 2980 1051 3046 vitatem
1091 2991 1349 3044 tantum
1392 2960 1564 3043 non⁵
1602 2976 1849 3043 vinctis
1877 2975 2179 3044 manibus
2221 2976 2277 3043 ei
2319 2973 2605 3042 tradidit.

895 3081 958 3154 3.
1000 3082 1174 3151 Illud
1207 3107 1471 3176 quoque
1507 3105 1545 3148 a
1575 3066 1971 3175 majoribus⁶
2001 3097 2068 3150 et
2105 3080 2376 3150 consilio
2417 3080 2809 3177 prudenter,
2846 3095 2917 3150 et

872 3297 1112 3350 1.Filius.
1129 3295 1273 3347 AJJ,
1293 3293 1604 3357 sa5‚ciroit.
1621 3295 1806 3359 Liv.1;

788 3379 946 3431 Dion.
970 3377 1068 3441 1V;
1097 3376 1238 3427 Flor.
1267 3376 1293 3425 1
1313 3413 1327 3440 ‚
1354 3390 1421 3444 73
1450 3374 1635 3426 Front.
1670 3374 1728 3438 1,
1761 3391 1808 3426 1.

789 3459 946 3511 Arist.
972 3455 1201 3519 Polit.V,
1235 3472 1302 3506 ιο
1336 3454 1506 3506 simile
1541 3467 1720 3506 narrat
1740 3452 1809 3505 de

789 3533 1096 3592 Periandro.
1114 3567 1194 3578 —-
1216 3533 1382 3588 Gabii.
1408 3535 1546 3586 Latii
1568 3535 1766 3587 civitas.

873 3639 926 3672 a.
950 3617 1178 3669 Verbera.
1203 3614 1313 3667 Hac
1335 3627 1445 3666 arte
1462 3615 1618 3667 etiam
1641 3615 1812 3686 Zopy-

788 3718 908 3752 rum
939 3696 1264 3769 Babylonem
1287 3696 1453 3747 Dario
1479 3692 1778 3765 prodidisse
1793 3734 1807 3760 ,

788 3781 819 3831 J
823 3780 1026 3832 ustinus
1046 3777 1225 3829 refert.

875 3860 929 3912 3.
968 3857 1191 3912 seducto.
1233 3856 1296 3906 In
1331 3855 1509 3906 locum
1550 3866 1808 3906 secretum

791 3937 1040 3992 abducto.
1071 3938 1141 4002 V,
1175 3957 1236 4005 9,
1263 3943 1294 3998 4
1316 3954 1332 4000 3
1353 3934 1489 3986 'VIII
1510 3975 1524 4000 ,
1548 3954 1608 3998 2,
1645 3935 1697 3986 3.

875 4024 927 4080 4.
969 4018 1200 4071 Pet-vidit.
1227 4015 1418 4068 Sensus
1446 4027 1525 4066 est
1549 4014 1809 4085 :Tarqui-

793 4098 913 4151 nius
942 4097 1082 4151 filius
1111 4097 1322 4169 penitus
1351 4095 1616 4168 perspexit
1633 4134 1649 4160 ,
1681 4094 1811 4166 quid

792 4192 942 4251 pater
963 4179 1120 4232 vellet
1137 4192 1191 4232 et
1208 4176 1517 4248 praciperet
1536 4179 1693 4227 tacitis
1709 4196 1812 4227 am-

1895 3292 2117 3362 bagibus,
2154 3305 2206 3345 et
2234 3292 2374 3346 aliud
2408 3294 2554 3364 quasi
2585 3292 2790 3365 agendo
2817 3313 2831 3345 τ
2860 3307 2916 3346 et

1894 3392 1990 3426 cur
2016 3374 2206 3425 nuntio
2231 3374 2361 3426 nihil
2390 3376 2628 3446 responsi
2657 3372 2913 3440 dedisset,

1894 3452 1986 3506 sed
2007 3454 2283 3505 consilium
2314 3473 2464 3506 suum
2494 3456 2566 3506 ita
2592 3456 2818 3508 texisset.

1979 3534 2027 3586 5.
2042 3533 2246 3585 Tantum
2267 3554 2375 3586 non.
2401 3535 2518 3587 Hoc
2538 3535 2651 3586 solo
2668 3533 2916 3605 dempt0,

1893 3611 2038 3684 qnod
2055 3614 2383 3667 Gabinorum
2410 3634 2518 3667 non
2539 3627 2688 3667 erant
2706 3614 2918 3667 vincta.

1893 3694 1998 3747 Alii
2033 3707 2288 3767 tamquam.
2318 3695 2476 3748 Male.

1977 3778 2031 3828 6.
2073 3778 2130 3828 A
2154 3775 2426 3845 majoribus.
2470 3774 2752 3826 Nonnulla
2791 3770 2922 3828 edd.

1894 3855 2322 3926 propositionem
2341 3876 2371 3904 a
2384 3856 2662 3916 omittunt,
2676 3873 2783 3906 non
2807 3873 2924 3907 ma-

1894 3936 1962 3988 le'.
1989 3935 2123 3986 Nam
2150 3933 2346 3986 dicitur
2377 3936 2493 3986 milei
2510 3939 2703 4006 provisa
2730 3955 2805 3986 res
2830 3947 2920 3987 est.

1899 4007 2028 4068 Vi'd.
2061 4015 2170 4067 Cic.
2201 4016 2358 4068 Verr.
2393 4016 2493 4081 IV,
2525 4021 2614 4078 4²·
2649 4013 2751 4068 Sed
2784 4035 2815 4066 a
2849 4034 2924 4065 m

1893 4100 2088 4166 provisa
2105 4113 2212 4146 non
2231 4096 2406 4148 minus
2434 4109 2511 4149 est
2533 4097 2779 4168 probum.
2805 4095 2922 4148 Cic.

1899 4174 1965 4229 ad
1992 4178 2100 4229 Att.
2124 4177 2199 4245 11,
2235 4195 2281 4229 1.
